3119 5026
674 399 760 462 16
1187 413 1533 462 ann'rAn
1589 413 1825 460 Aucto
1839 411 2279 461 sAxoNJcAss.

677 573 899 637 tiones
934 571 1021 636 ad
1050 570 1440 635 huiusmodi
1477 590 1620 634 rem
1645 569 2100 634 exercendam
2131 570 2392 651 absque
2423 570 2783 634 exactione

677 673 890 755 precii
960 680 1011 736 a'
1064 672 1611 755 calumpniatore
1677 670 1784 734 uel
1849 669 2318 753 calumpniato
2383 671 2566 734 intra
2623 691 2782 753 pro-

676 774 973 837 cinctum
1036 773 1434 837 monasterii
1502 779 1794 847 tantum,
1863 770 1983 835 sed
2041 777 2242 834 extra
2306 770 2627 836 efferendi
2695 770 2781 835 ad

676 873 881 937 uillas
923 892 1087 938 suas
1124 873 1231 937 uel
1266 891 1513 938 causas
1558 871 1851 937 aliorum
1897 870 2204 952 agendas
2251 891 2390 935 non
2432 870 2782 937 habebunt

674 981 1116 1057 potestatem.
1240 971 1671 1038 Relaxamus
1718 973 1926 1036 etiam
1971 991 2090 1036 eos
2147 971 2267 1054 qui
2315 971 2498 1036 intra
2546 971 2783 1036 uillam

674 1075 895 1157 ipsius
930 1075 1326 1157 procinctus
1360 1079 1874 1138 commorantur
1918 1092 1963 1136 a
2001 1072 2294 1139 collecta
2341 1071 2782 1137 denariorum

676 1195 887 1258 quam
918 1174 1306 1239 romescoth
1341 1167 1723 1257 appellant,
1749 1174 1928 1237 sicut
1961 1171 2353 1238 relaxatum
2386 1180 2495 1237 est
2529 1193 2572 1237 a
2601 1173 2784 1254 regi-

674 1277 806 1340 bus
857 1274 1016 1340 Offa
1066 1283 1136 1340 et
1178 1273 1483 1339 Kenulso·
1528 1281 1598 1338 et
1658 1272 2004 1365 Eadgaro,
2057 1281 2128 1338 et
2176 1274 2410 1338 omnia
2457 1293 2639 1358 quae
2691 1274 2782 1338 ad

675 1375 1063 1441 libertatem
1098 1384 1169 1440 et
1202 1374 1696 1439 exaltationem
1724 1373 1912 1439 illius
1945 1374 2081 1439 loci
2112 1393 2237 1457 per
2271 1381 2579 1439 nostram
2616 1393 2786 1438 auc-

677 1477 1030 1542 toritatem
1052 1466 1392 1543 accedere
1408 1482 1722 1558 possunt,
1742 1473 1945 1539 hilari
1979 1481 2052 1538 et
2081 1483 2402 1557 prompta
2420 1474 2784 1540 uoluntate

676 1576 1135 1642 concedimus,
1228 1575 1577 1640 Nimirum
1612 1595 1768 1640 cum
1813 1595 1946 1656 ego
1975 1574 2077 1639 illi
2114 1582 2355 1640 sancto
2395 1575 2548 1641 loco
2579 1576 2782 1659 quasi

674 1677 1048 1744 multorum
1065 1696 1307 1760 regum
1336 1677 1758 1760 temporibus
1783 1675 2100 1758 neglecto
2118 1675 2553 1759 praefuerim,
2573 1696 2780 1759 quem

675 1784 921 1860 postea
978 1777 1230 1842 additis
1282 1777 1346 1842 ei
1398 1776 1771 1860 aliquantis
1827 1775 2030 1841 terris
2080 1777 2458 1841 uenerabili
2504 1776 2782 1843 Wlsino

675 1878 979 1942 eiusdem
1042 1878 1177 1942 loci
1234 1877 1574 1942 monacho
1641 1877 2271 1942 commendauimus
2338 1877 2780 1955 seruandum,

676 1998 851 2061 quas
886 1977 1149 2044 scilicet
1192 1987 1413 2043 terras
1457 1978 1569 2042 hic
1613 1977 1942 2043 denotare
1977 1998 2114 2043 non
2152 1977 2548 2042 omittimus.
2656 1978 2778 2042 In-

676 2079 916 2162 primis
947 2079 1133 2145 circa
1162 2078 1336 2142 illud
1371 2080 1865 2144 monasterium
1897 2096 1985 2142 .ν.
2015 2097 2294 2143 mansas
2327 2098 2370 2142 a
2400 2079 2782 2144 uenerabili

677 2200 840 2261 rege
872 2178 1197 2261 Eadgaro
1236 2196 1463 2245 .0.xx.
1499 2179 1848 2246 mancusis
1883 2179 2058 2256 auri,
2099 2199 2237 2243 una
2264 2199 2421 2242 cum
2444 2179 2600 2244 loco
2618 2180 2780 2258 emi,

678 2292 749 2345 et
772 2300 929 2344 cum
966 2281 1341 2345 redditibus
1375 2288 1621 2346 etcum
1648 2278 1847 2346 terris
1881 2298 2055 2362 quas
2084 2279 2352 2362 antiqui
2384 2299 2610 2361 regeS‚
2646 2282 2782 2346 sci-

677 2381 841 2448 licet
859 2380 1040 2460 offa,
1063 2379 1438 2458 KenulsuS,
1463 2389 1531 2445 et
1556 2379 1907 2457 Alfredus,
1926 2379 2028 2444 illi
2050 2387 2295 2445 sancto
2313 2378 2467 2444 loco
2486 2381 2781 2463 benigne

676 2481 1032 2547 dederant.
1139 2481 1319 2549 Item
1368 2499 1457 2547 Ν.
1503 2501 1782 2548 mansas
1827 2481 1899 2545 in
1945 2479 2379 2559 Blekinham,
2426 2490 2495 2548 et
2545 2499 2666 2548 ,vn
2709 2483 2783 2547 in

681 2582 1156 2665 Lowereslege
1191 2603 1234 2648 a
1279 2583 1592 2666 praefato
1640 2602 1803 2666 rege
1831 2582 1964 2647 emi
2001 2600 2099 2647 .x.
2135 2581 2478 2648 mancusis
2522 2585 2674 2649 auri
2707 2593 2782 2649 et

678 2682 910 2755 addidi
959 2685 1380 2749 monasterio
1436 2683 1773 2768 praefato.
1897 2681 2078 2747 Item
2129 2691 2473 2750 mercatus
2529 2702 2682 2749 sum
2736 2706 2780 2749 a

677 2784 1057 2849 uenerabili
1188 2784 1633 2851 AEvelwoldo
1714 2784 2179 2850 XVintoniens'i
2262 2784 2588 2868 episcopo
2676 2802 2779 2849 .x.

677 2904 974 2963 mansaS,
1006 2892 1076 2950 et
1108 2902 1209 2949 .x.
1249 2905 1291 2949 a
1315 2885 1616 2969 quodam
1635 2884 1941 2951 Wlno’60
1959 2884 2174 2949 milite
2208 2885 2391 2965 regis
2421 2886 2782 2967 octoginta

674 2985 867 3049 libris
899 2986 1173 3068 probati
1216 2986 1511 3067 argenti,
1541 3006 1797 3069 easque
1833 2985 1961 3050 sub
1998 3005 2134 3049 uno
2166 2985 2510 3051 territorio
2543 2986 2780 3051 addidi

676 3086 989 3168 praefato
1019 3086 1437 3151 monasterio
1477 3086 1548 3152 in
1593 3086 1746 3153 loco
1780 3086 2043 3151 scilicet
2072 3086 2192 3168 qui
2225 3085 2572 3159 Hendune
2605 3087 2778 3152 dici·

678 3192 812 3251 tur.
920 3186 1097 3251 Item
1129 3195 1275 3251 tres
1301 3194 1617 3252 cassatos
1649 3187 1781 3252 emi
1814 3207 1857 3251 a
1891 3186 2189 3272 quodam
2225 3186 2562 3253 Eadnovo
2593 3188 2779 3270 regis

675 3286 989 3351 ministro
1019 3304 1181 3353 .x11.
1200 3288 1393 3352 libris
1412 3289 1482 3352 in
1503 3287 1659 3353 loco
1687 3288 1806 3372 qui
1827 3286 2285 3353 Codenhleaw
2312 3296 2785 3371 nuncupatur,

673 3396 745 3451 et
812 3387 1046 3452 addidi
1112 3388 1466 3471 praedicto
1530 3389 1707 3454 loco.
1813 3387 2115 3467 Quidam
2180 3395 2410 3453 autem
2468 3389 2784 3454 minister

672 3488 858 3570 regis
892 3487 963 3552 in
992 3488 1370 3554 Middilsex
1405 3488 1842 3587 mansitando
1869 3488 2196 3555 AElfwine
2223 3489 2636 3554 uocitamine
2653 3491 2779 3573 qui

674 3588 913 3653 adiens
962 3589 1215 3653 limina.
1248 3599 1642 3657 sanctorum
1697 3590 2168 3674 apostolorum
2212 3589 2405 3676 Petri
2449 3599 2520 3654 et
2564 3590 2777 3655 Pauli

675 3688 945 3755 Romae
981 3690 1266 3767 scilicet,
1301 3698 1370 3757 et
1404 3691 1632 3775 gratia
1667 3692 1939 3775 inopiae
1973 3691 2171 3773 petiit
2204 3710 2248 3755 a
2282 3710 2390 3755 me
2423 3691 2776 3773 quoddam

672 3791 1211 3881 amminiculum,
1252 3792 1372 3875 qui
1402 3793 1846 3858 commodans
1895 3791 1960 3865 ei
2007 3808 2226 3856 xxx.
2260 3791 2471 3857 libras
2501 3792 2778 3875 argenti

670 3892 944 3974 suscepi
1022 3893 1110 3956 ab
1174 3912 1256 3957 eo
1322 3909 1500 3960 Nm.
1573 3912 1852 3957 mansas
1919 3892 2280 3957 cuiusdam
2357 3892 2624 3958 telluris
2701 3893 2776 3957 in

674 3990 1107 4069 Hanewelle,
1154 3999 1225 4059 et
1275 3990 1508 4062 addidi
1548 3992 1702 4058 loco
1749 3992 2338 4075 saepenominato.
2445 3993 2626 4057 Item
2666 4010 2771 4060 .Χ.

670 4100 982 4158 cassatos
1024 4094 1160 4159 emi
1203 4094 1290 4157 ab
1335 4094 1616 4175 AElsego
1647 4094 1822 4159 duce
1865 4093 2178 4159 ducentis
2222 4095 2568 4158 mancusis
2618 4096 2774 4162 auri

670 4193 739 4256 in
777 4191 928 4257 loco
966 4194 1085 4279 qui
1109 4193 1478 4260 Sunnabiri
1509 4196 1762 4261 dicitur
1789 4202 1860 4261 et
1889 4195 2044 4261 dedi
2078 4194 2391 4278 praefato
2413 4196 2771 4265 coenobio.
2790 4238 2821 4268 .-,
