3119 5026
817 455 1161 506 cflAnrAu
1209 453 1905 505 anonosaxomcau.
2292 433 2423 500 128

303 631 510 696 quem
542 611 874 679 solicolae
900 611 1617 698 Swy’ssbeortesweald
1655 618 1933 689 uocant,
1975 629 2133 676 cum
2172 611 2419 695 pratis,

307 714 610 795 pascuis,
669 712 1122 797 omnibusque
1185 713 1274 781 ad
1337 733 1494 778 eam
1545 710 1681 779 rite
1740 712 2275 795 pertinentibus,
2338 719 2419 777 ut

305 814 658 896 possideat
711 815 1090 879 liberaliter
1145 833 1368 897 usque
1416 813 1506 879 ad
1562 820 1951 878 extremum
2005 813 2195 877 uitae
2248 829 2419 876 suae

307 914 700 996 tramitem3
747 914 834 980 de
876 914 1197 998 deinceps
1244 921 1480 980 autem
1511 913 1646 978 sibi
1672 911 2073 978 succedenti
2108 911 2419 977 cuicum-

309 1033 440 1096 que
473 1014 816 1097 placuerit
843 1013 1124 1080 haeredi
1151 1015 1226 1078 in
1255 1021 1609 1080 aeternam
1648 1013 1995 1096 relinquat
2024 1011 2415 1076 haeredita-

309 1121 474 1191 tem,
503 1115 592 1178 ab
621 1116 810 1180 omui
841 1135 916 1180 re
947 1114 1290 1180 saeculari
1317 1113 1632 1192 liberam,
1664 1115 1975 1197 exeeptis
2008 1113 2254 1190 tribus,
2282 1112 2415 1178 hoc

311 1221 438 1291 est,
467 1214 928 1298 expeditione,
964 1215 1196 1298 pontis
1243 1215 1514 1281 arcisue
1543 1213 2077 1280 constructione.
2173 1211 2415 1276 Tellus

310 1313 588 1396 quidem
619 1316 1050 1400 praescripta
1085 1314 1190 1380 his
1224 1315 1532 1380 terminis
1568 1313 2148 1396 circumcingitur.

1037 1612 1711 1686 Mccnxxxvl.

1101 1763 1142 1807 ³·
1185 1733 1625 1829 oswALD.

421 1917 503 1998 ›1‹
536 1902 702 1978 ¹Euo
732 1910 1104 1979 Oswoldus
1145 1913 1258 1977 dei
1303 1913 1535 1996 gratia
1584 1911 2041 1978 Eboracensis
2084 1912 2420 1998 archiepi-

308 2035 589 2098 scopuS,
627 2013 980 2096 praesenti
1007 2013 1269 2095 scripto
1301 2021 1544 2080 notum
1579 2013 1761 2079 facio
1796 2021 1941 2078 tam
1969 2012 2120 2090 tibi,
2152 2013 2417 2078 charis-

310 2117 484 2181 sime
549 2113 770 2178 amice
824 2111 970 2178 dux
1037 2112 1410 2197 AElfwyne,
1479 2133 1689 2196 quam
1753 2115 1885 2178 toti
1948 2113 2182 2178 curiae
2244 2115 2418 2198 Wy-

311 2216 625 2298 goi-niae,
655 2222 726 2279 et
771 2213 1094 2281 omnibus
1142 2214 1381 2278 amicis
1425 2215 1619 2289 meis,
1652 2213 1842 2296 quod
1894 2213 2131 2280 dilecti
2181 2213 2307 2279 filii
2346 2222 2419 2280 et

309 2316 564 2380 fratres
595 2313 733 2379 mei
778 2312 864 2378 de
915 2314 1250 2379 Ramesia
1293 2321 1784 2380 concesserunt
1826 2313 1995 2378 mihi
2032 2320 2286 2379 terram
2329 2315 2417 2380 de

313 2415 550 2492 Stura,
581 2415 709 2478 sub
739 2413 1050 2496 gratuita
1098 2412 1516 2492 conditione,
1559 2434 1703 2499 qua
1751 2413 2039 2498 pacifice
2082 2414 2261 2481 inter
2288 2433 2417 2480 nos

310 2518 574 2600 poterit
603 2516 997 2593 conuenire,
1035 2515 1166 2583 hoc
1201 2523 1308 2579 est
1351 2516 1582 2599 spatio
1626 2513 1815 2583 uitae
1853 2515 2053 2583 unius
2098 2513 2417 2597 hominis,

313 2618 427 2682 cui
477 2636 632 2681 eam
677 2616 1041 2683 tenendam
1098 2616 1448 2684 dimittere
1491 2616 1889 2694 noluissem,
1944 2635 2102 2681 cum
2153 2618 2421 2683 instau-

313 2724 631 2786 ramento
666 2724 737 2781 et
775 2717 981 2781 rebus
1013 2717 1099 2781 ad
1136 2734 1286 2780 eam
1335 2717 1859 2800 pertinentibus.
1950 2715 2419 2800 Quapropter,

312 2818 716 2882 charissime
751 2816 922 2894 duX,
955 2819 1086 2882 sub
1111 2824 1233 2883 tuo
1263 2823 1333 2880 et
1353 2816 1659 2889 omnium
1682 2824 1992 2882 uestrum
2021 2816 2418 2883 testimonio

312 2918 618 2983 concedo
661 2916 947 2981 eandem
992 2924 1248 2981 terram
1299 2916 1546 2982 Osulfo
1600 2923 1914 3006 cognato·
1940 2935 2099 2983 meo
2142 2916 2215 2999 in
2260 2918 2419 2983 luita

313 3038 444 3091 sua
499 3017 890 3095 tenendam,
942 3017 1044 3083 ita
1095 3018 1302 3100 plane
1357 3023 1439 3082 ut
1505 3024 1668 3100 post
1726 3016 1878 3085 eius.
1928 3017 2198 3085 ‚obitum
2260 3036 2417 3083 cum

311 3118 864 3184 instauramento
894 3117 1081 3200 quod
1123 3116 1197 3181 in
1241 3136 1326 3181 ea
1366 3116 1715 3185 inuenerit
1756 3123 1827 3181 et
1870 3116 2058 3187 omni
2102 3117 2419 3183 meliora-

312 3221 501 3286 tione
533 3238 677 3301 qua
694 3236 848 3283 eam
868 3218 944 3281 in
958 3219 1110 3283 uita
1133 3236 1264 3281 sua
1292 3217 1651 3283 meliorare
1669 3217 1947 3301 poterit,
1974 3217 2061 3282 ad
2090 3216 2421 3286 honorem

315 3319 426 3385 dei
462 3327 533 3384 et
567 3325 854 3383 sanctae
887 3317 1156 3383 Mariae
1189 3323 1260 3383 et
1291 3318 1596 3384 omnium
1622 3324 2044 3394 sanctorum,
2072 3337 2199 3399 pro
2229 3338 2423 3383 meae

316 3427 386 3485 et
411 3439 584 3493 suae
620 3426 705 3484 et
727 3420 900 3495 eiuS,
932 3419 1052 3500 qui
1084 3438 1238 3483 eam
1273 3417 1494 3502 primo
1519 3416 1737 3482 eidem
1756 3416 2135 3487 aecclesiae
2161 3417 2421 3485 Rame-

315 3521 462 3585 siae
494 3520 567 3585 in
602 3525 1017 3591 testamento
1064 3518 1370 3601 reliquit,
1407 3518 1795 3583 animarum
1826 3518 2051 3587 salute
2084 3517 2158 3583 in
2185 3518 2424 3602 dispo-

315 3621 639 3685 sitionem
710 3620 1002 3685 fratrum
1075 3624 1146 3683 et
1213 3618 1716 3702 possessionem
1776 3617 2025 3681 libera·
2056 3616 2296 3683 redeat
2352 3627 2423 3685 et

318 3721 580 3803 quieta.
671 3719 1085 3801 Quicunque
1117 3718 1334 3801 igitur
1363 3718 1498 3782 hoc
1532 3718 1937 3785 imminuere
1971 3719 2424 3785 attentauerit

319 3828 443 3885 aut
475 3821 868 3898 immutare,
895 3839 940 3883 a
970 3819 1316 3885 consortio
1347 3818 1603 3884 ciuium
1638 3825 2045 3901 segregetur
2086 3836 2419 3901 superno·-

319 3941 498 3999 rum,
529 3927 603 3986 et
635 3940 791 3985 cum
836 3918 1126 4001 Angelis
1165 3918 1514 3984 Sathanae
1547 3918 1642 3985 sit
1688 3916 2139 3989 commoratio
2170 3919 2319 3983 eius
2350 3921 2425 3985 in

320 4021 611 4097 inferno,
658 4019 790 4088 nisi
838 4020 910 4085 in
953 4019 1104 4084 uita
1143 4038 1273 4084 sua
1321 4019 1665 4103 condigna
1712 4018 2189 4086 satisfactione
2227 4040 2423 4103 prae-

321 4121 784 4205 sumptionem
874 4120 1280 4185 temeritatis
1353 4138 1522 4184 suae
1606 4116 1951 4186 studuerit
2034 4119 2426 4200 emendare,

326 4220 568 4287 Amen.
