3119 5026
865 453 1210 504 eruant
1262 455 1949 508 Anonoszlxomosn.
2366 447 2459 510 99

1167 714 1626 784 MCGLXX.

1083 833 1527 945 sinesin,
1575 867 1727 932 970.

449 1007 535 1092 ›1‹
593 1009 944 1077 anmnu
999 1013 1270 1078 fortiter
1313 1013 1727 1080 detestanda
1776 1014 2145 1080 totillantis
2190 1017 2449 1081 saeculi

346 1107 614 1189 piacula
657 1110 826 1176 diris
871 1113 1253 1180 obscoenae
1303 1115 1821 1198 horrendaeque
1862 1116 2105 1181 mortis
2148 1117 2443 1181 circum-

343 1215 538 1292 septa
574 1209 966 1291 latratibuS,
1011 1233 1151 1278 non
1193 1235 1321 1280 nos
1361 1217 1593 1297 patria
1630 1216 1956 1298 indeptae
2004 1216 2197 1300 pacis
2246 1236 2445 1280 secu-

342 1327 475 1386 ros,
507 1311 632 1374 sed
663 1314 864 1394 quasi
891 1313 1194 1380 foetidae
1227 1316 1663 1399 corruptelae
1696 1317 1769 1380 in
1803 1318 2209 1399 uoraginem
2244 1335 2441 1381 casu-

341 1427 452 1471 ros
488 1414 930 1492 prouocando
963 1424 1382 1492 ammonent,
1409 1423 1488 1480 ut
1517 1436 1605 1481 ea
1626 1423 1777 1481 toto
1800 1417 2049 1481 mentis
2082 1418 2441 1481 conamine

341 1527 495 1572 cum
547 1513 822 1576 casibus
877 1515 1024 1578 suis
1078 1534 1217 1579 non
1268 1515 1492 1580 solum
1555 1516 1996 1600 despiciendo
2050 1517 2169 1580 sed
2195 1549 2201 1558 ·
2227 1517 2437 1580 etiam

341 1608 534 1674 uelut
577 1610 1008 1681 fastidiosam
1057 1615 1508 1679 melancoliae
1554 1635 1883 1681 nauseam
1932 1616 2439 1681 abhominando

341 1706 707 1790 fugiamus,
755 1713 1118 1780 tendentes
1169 1715 1261 1780 ad
1306 1715 1478 1778 illud
1523 1715 2023 1800 propheticum,
2080 1721 2100 1750 ‘
2129 1715 2437 1780 Diuitiae

338 1808 396 1871 si
451 1809 761 1890 affluant,
803 1813 1020 1879 nolite
1061 1833 1182 1880 cor
1234 1816 1626 1897 apponere?
1752 1815 1914 1894 Qua
1946 1816 2032 1879 de
2090 1835 2166 1878 re
2202 1815 2443 1878 infima

339 1910 541 1990 quasi
593 1912 982 1996 peripsema
1029 1914 1557 1998 quisquiliarum
1606 1915 1954 1994 abiiciens,
2004 1934 2305 1997 superna
2348 1916 2439 1978 ad

337 2007 559 2072 instar
595 2014 1098 2093 praetiosorum
1135 2015 1490 2079 monilium
1527 2015 1817 2097 eligens,
1852 2016 2155 2079 animum
2192 2016 2440 2098 sempi-

308 2109 556 2173 ·ternis
601 2111 674 2174 in
721 2112 996 2194 gaudiis
1047 2114 1295 2196 figens,
1351 2115 1440 2178 ad
1497 2115 2007 2198 adipiscendam
2068 2115 2438 2180 mellifluae

338 2207 718 2276 dulcedinis
802 2213 1340 2279 misericordiam
1427 2215 2047 2298 perfruendamque
2128 2216 2439 2279 infinitae

335 2308 644 2374 laetitiae
681 2312 1201 2392 iocunditatem,
1231 2333 1364 2398 ego
1411 2315 1718 2398 Eadgar,
1753 2333 1877 2399 per
1908 2314 2439 2398 omnipatrantis

335 2408 724 2491 dexteram,
789 2413 1006 2479 totius
1060 2415 1464 2480 Britanniae
1527 2415 1727 2498 regni
1788 2415 1964 2480 solio
2024 2413 2440 2491 sullimatUS,

337 2511 688 2593 quandam
760 2516 938 2579 ruris
1016 2516 1424 2599 particulam
1507 2533 1613 2581 J.
1687 2515 2011 2582 uidelicet
2098 2522 2438 2594 cassatos,

337 2610 406 2675 in
463 2611 622 2677 loco
685 2614 805 2698 qui
865 2616 1118 2682 celebri
1167 2624 1264 2681 oet
1312 2616 1518 2681 Stoce
1576 2623 2019 2698 nuncupatur
2072 2615 2441 2693 uocabulo,

335 2719 626 2780 sanctae
687 2714 800 2779 dei
859 2715 1256 2794 aecclesiae,
1325 2716 1415 2781 ad
1481 2717 1935 2781 reuerentiam
1997 2715 2185 2779 beati
2242 2714 2439 2779 Petri

337 2813 815 2895 apostolorum
898 2814 1250 2899 principis,
1324 2836 1590 2882 necnon
1672 2817 1918 2881 beatae
1992 2812 2441 2879 AEbeldri’Sae

335 2920 716 2995 perpetuae
771 2916 1064 2997 uirginis
1130 2916 1509 2994 dedicatae,
1572 2916 1727 2980 loco
1792 2916 1913 2999 qui
1971 2914 2224 2979 celebri
2279 2914 2440 2996 Elig

335 3022 778 3096 nuncupatur
828 3023 1178 3094 onomate,
1221 3018 1311 3080 ob
1356 3024 1681 3081 aeternae
1723 3014 2173 3081 beatitudinis
2215 3034 2443 3079 remu-

335 3114 790 3193 nerationem,
836 3122 1168 3199 perpetua
1215 3116 1510 3197 largitus
1553 3134 1705 3179 sum
1750 3115 2213 3189 haereditate;
2269 3134 2441 3197 qua-

335 3212 522 3277 tinus
572 3233 691 3277 rus
741 3216 1130 3299 praefatum
1181 3216 1272 3280 ad
1319 3236 1488 3280 usus
1541 3215 2030 3281 monachorum
2086 3214 2256 3279 inibi
2322 3215 2442 3281 de-

333 3314 675 3394 gentium,
745 3316 848 3380 uti
909 3314 1386 3382 AEbelwoldus
1453 3316 1821 3399 episcopus
1893 3335 2019 3380 suo
2098 3314 2439 3379 famulatu

335 3414 662 3491 obtinuit,
707 3415 957 3481 devote
998 3416 1366 3483 deseruiat.
1458 3414 1833 3481 Praedicta
1870 3415 2189 3498 equidem
2233 3414 2441 3477 tellus

337 3533 496 3577 cum
558 3516 879 3581 omnibus
941 3516 1374 3593 utensilibuS,
1440 3515 1663 3598 pratis
1730 3515 2077 3590 uidelicet,
2140 3514 2441 3597 pascuis,

333 3613 745 3679 molendinis
801 3634 886 3680 ac
931 3616 1368 3693 suburbanis,
1416 3616 1862 3698 supradictae
1915 3614 2175 3695 iugiter
2226 3613 2441 3675 subii-

337 3722 582 3779 eeatur
639 3716 1034 3784 aecclesiae.
1139 3716 1246 3781 Sit
1305 3723 1541 3780 autem
1595 3716 2027 3799 praedictum
2080 3731 2197 3776 rus
2254 3713 2442 3777 omni

339 3821 656 3879 terrenae
703 3816 1064 3881 seruitutis
1103 3817 1269 3898 iugo
1307 3816 1625 3893 liberum,
1660 3816 1883 3881 tribus
1918 3812 2256 3894 exceptis,
2288 3818 2443 3875 rata

338 3914 664 3979 uidelicet
736 3915 1204 3998 expeditione,
1276 3917 1509 3998 pontis
1576 3914 1847 3979 arcisue
1912 3912 2441 3977 restauratione.

340 4012 416 4078 Si
478 4015 640 4096 quis
704 4016 922 4097 igitur
984 4016 1160 4081 hanc
1223 4022 1530 4080 nostram
1609 4014 2050 4078 donationem
2117 4013 2191 4076 in
2252 4010 2443 4076 aliud

341 4131 549 4194 quam
597 4116 1084 4181 constituimus
1137 4115 1506 4181 transferre
1550 4113 1875 4190 uoluerit,
1915 4112 2231 4196 priuatus
2278 4130 2443 4175 con·

341 4215 554 4279 sortio
613 4222 899 4281 sanctae
965 4215 1078 4281 dei
1141 4214 1540 4292 aecclesiae,
1605 4213 1904 4278 aeternis
1965 4211 2274 4276 barathri
2340 4211 2444 4274 in-

2072 4330 2105 4369 n
2131 4326 2163 4370 2
