3119 5026
883 395 1228 443 anR‘rAu
1276 394 1515 443 Ano-Lo
1527 396 1891 446 sAxoch
1903 398 1966 448 n.
2386 383 2473 445 15

355 554 526 635 quia
589 554 967 636 supradicti
1029 552 1289 617 domini
1339 552 1647 635 Eadgari
1709 554 1893 636 regis
1957 554 2205 639 petitio
2276 556 2473 619 nobis

355 654 560 736 quasi
595 654 813 726 iussio
843 662 974 731 est,
1007 654 1120 718 cui
1146 652 1621 719 difficillimum
1646 663 1755 719 est
1780 656 2035 733 resisti,
2059 675 2181 720 seu
2212 675 2339 739 pro
2368 676 2474 720 re-

353 756 678 820 uerentia
723 755 902 819 tanti
932 753 1256 838 apostoli,
1301 755 1499 820 cuius
1546 756 1938 839 patrocinio
1980 775 2059 821 se
2101 756 2251 838 ipse
2286 776 2474 821 com-

357 854 576 933 misit,
606 875 731 919 seu
771 862 850 919 ut
885 856 1057 938 ipsis
1096 855 1456 919 monachis
1501 855 1879 920 secundum
1924 864 2245 921 sanctum
2286 856 2473 920 ordi-

359 974 526 1019 nem
558 955 798 1020 uiuere
829 956 1039 1019 liceat
1067 962 1138 1019 et
1167 963 1248 1021 ut
1280 961 1426 1018 tam
1457 975 1585 1037 pro
1617 958 1817 1021 nobis
1850 976 2061 1039 quam
2096 976 2223 1039 pro
2258 958 2473 1021 omni-

357 1057 496 1121 bus
516 1056 895 1121 aecclesiae
925 1063 1208 1121 nostrae
1235 1055 1567 1121 fratribus
1596 1057 1804 1121 deum
1838 1064 2063 1135 orent,
2096 1057 2227 1121 hoc
2258 1058 2474 1140 priui-

359 1155 626 1238 legium
687 1157 896 1240 plena
955 1155 1318 1221 uoluntate
1383 1174 1526 1221 una
1582 1176 1741 1221 cum
1799 1176 2139 1222 consensu
2184 1156 2473 1221 fratrum

364 1276 680 1321 meorum
708 1257 881 1341 ipsis
909 1256 1244 1335 concessi,
1275 1275 1398 1339 per
1427 1256 1617 1338 quod
1644 1257 1939 1322 decerno
1970 1266 2183 1341 atque
2214 1258 2303 1323 ob
2336 1264 2475 1322 tes-

359 1356 748 1421 tificatione
791 1357 1010 1421 diuini
1052 1356 1354 1421 nominis
1398 1356 1761 1435 interdico,
1808 1364 1891 1423 ut
1934 1378 2062 1423 nec
2108 1378 2243 1440 ego
2284 1358 2473 1422 dein-

356 1477 538 1540 ceps
569 1478 696 1521 nec
724 1458 910 1523 ullus
933 1475 1410 1523 successorum
1441 1477 1751 1524 meorum
1783 1458 2259 1542 episcoporum
2296 1458 2477 1523 Lon-

357 1558 620 1629 doniae
659 1559 790 1624 hoc
831 1558 1087 1623 audeat
1123 1558 1500 1640 infringere
1545 1558 1663 1623 uel
1704 1560 2073 1623 temerario
2126 1578 2303 1623 ausu
2348 1559 2475 1623 ali-

363 1667 718 1741 quatenus
778 1660 1070 1736 uiolare,
1132 1658 1458 1724 uidelicet
1515 1666 1599 1723 ut
1648 1660 1873 1723 omnis
1938 1660 2300 1743 presbyter
2362 1661 2477 1724 uel

361 1760 663 1825 clericus
698 1779 790 1825 ex
825 1760 960 1825 hiis
994 1760 1113 1843 qui
1156 1759 1229 1823 in
1260 1760 1415 1842 ipso
1451 1760 1814 1843 procinctu
1846 1759 2226 1823 beatissimi
2257 1758 2478 1838 Petri,

361 1868 448 1925 et
477 1878 712 1925 omnes
746 1859 850 1925 illi
885 1862 1007 1943 qui
1055 1860 1128 1924 in
1168 1859 1692 1943 circumscripto
1737 1860 2001 1943 spacio,
2034 1859 2217 1923 sicut
2248 1860 2475 1942 desig-

367 1968 550 2025 nant
589 1980 828 2026 cruces
872 1960 986 2026 uel
1028 1960 1292 2025 fossata
1341 1960 1454 2025 uel
1507 1961 1649 2025 alia
1699 1962 1925 2042 signa,
1958 1959 2062 2023 illi
2094 1960 2477 2025 aecclesiae

366 2062 712 2140 seruiunt,
742 2062 881 2127 sint
919 2061 1120 2125 liberi
1165 2067 1238 2125 et
1280 2060 1583 2125 absoluti
1617 2062 1705 2125 ab
1740 2061 1931 2126 omni
1960 2059 2190 2126 debito
2220 2068 2290 2125 et
2324 2062 2477 2125 red-

371 2162 640 2229 ditione
669 2161 1097 2227 circadarum
1123 2152 1157 2195 ²'
1182 2168 1254 2225 et
1284 2161 1733 2245 synodorum.
1836 2161 2105 2225 Tamen
2138 2162 2481 2239 uolumus,

369 2271 452 2328 et
493 2284 622 2346 pro
651 2281 886 2327 amore
929 2262 1046 2327 uel
1074 2262 1465 2326 reuerentia
1509 2262 1735 2327 sancti
1781 2261 1977 2326 Petri
2019 2262 2482 2341 concedimuS,

371 2372 464 2429 ut
515 2384 604 2429 ex
660 2371 899 2429 nostro
949 2362 1066 2426 uel
1111 2380 1587 2427 successorum
1632 2369 2025 2426 nostrorum
2078 2364 2485 2446 episcopatu

374 2466 538 2530 sine
573 2465 805 2548 precio
851 2463 1104 2528 crisma
1150 2469 1222 2527 et
1266 2462 1493 2528 oleum
1547 2463 1916 2547 accipiant.
2025 2461 2484 2528 concedimus

375 2567 598 2632 etiam
622 2565 723 2630 illi
744 2566 900 2630 loco
922 2563 1332 2640 cimiterium
1361 2564 1673 2640 liberum,
1706 2564 1887 2629 sicut
1917 2571 1986 2628 et
2016 2583 2061 2628 a
2085 2564 2365 2646 regibus
2400 2566 2488 2628 ab

375 2667 690 2750 antiquis
721 2665 1146 2749 temporibus
1176 2682 1578 2730 concessum
1598 2663 1849 2742 fuerat,
1871 2664 1973 2728 ita
1993 2671 2071 2728 ut
2094 2664 2487 2748 quicunque

375 2768 470 2833 de
503 2785 914 2852 quocunque
942 2764 1098 2831 loco
1124 2765 1239 2828 uel
1260 2764 1755 2847 cuiuscumque
1776 2764 2189 2829 conditionis
2214 2765 2491 2847 petierit

371 2891 458 2936 se
491 2869 590 2934 ibi
630 2867 907 2954 sepeliri
941 2886 1080 2932 non
1123 2865 1540 2950 impediatur
1583 2865 1696 2930 uel
1740 2864 2213 2949 prohibeatur,
2242 2863 2359 2928 uel
2402 2867 2492 2929 ab

381 2972 717 3056 episcopo
773 2968 888 3032 uel
948 2967 1037 3032 ab
1089 2965 1579 3031 archidiacono
1635 2966 1750 3030 uel
1805 2984 1849 3030 a
1899 2965 2323 3049 parochiano
2370 2985 2498 3032 suo
2590 2961 2599 2971 '

385 3073 820 3158 presbytero.
924 3067 1020 3132 Et
1053 3066 1115 3131 si
1154 3066 1310 3149 quis
1353 3084 1591 3131 eorum
1621 3067 1984 3150 presbyter
2022 3066 2137 3131 uel
2179 3066 2498 3145 clericus,

383 3173 590 3249 forte,
645 3177 767 3236 aut
812 3167 1106 3245 occisus»,
1156 3166 1341 3249 quod
1391 3165 1597 3244 absit,
1644 3173 1769 3232 aut
1813 3166 2221 3232 uulneratus
2264 3166 2495 3244 fuerit,

385 3281 518 3341 aut
552 3293 644 3338 ex
675 3272 776 3336 eis
798 3268 1118 3335 omnibus
1143 3266 1432 3333 alicuius
1460 3267 1754 3332 iniuriae
1776 3267 2189 3332 acclamatio
2216 3287 2495 3332 surrex-

387 3375 550 3453 erit,
579 3369 906 3456 quicquid
939 3388 1032 3433 ex
1064 3368 1198 3431 hiis
1233 3368 1552 3432 omnibus
1582 3367 1672 3431 ad
1712 3386 1839 3433 nos
1872 3367 2165 3432 attinere
2198 3368 2497 3445 uidetur,

387 3477 528 3542 hoc
575 3479 797 3538 totum
845 3469 1082 3534 abbati
1133 3469 1252 3550 qui
1302 3469 1372 3531 in
1422 3468 1579 3550 ipso
1631 3475 1875 3533 sancto
1926 3468 2081 3533 loco
2126 3469 2502 3552 praefuerit

389 3574 823 3656 caeterisque
864 3569 1197 3636 fratribus
1246 3567 1637 3644 habendum
1678 3577 1749 3632 et
1789 3568 2297 3652 disponendum
2334 3589 2497 3633 con-

394 3677 728 3744 cedimus.
831 3671 907 3736 Si
938 3677 1196 3747 autem,
1226 3669 1409 3752 quod
1435 3669 1641 3746 absit,
1671 3669 1880 3737 etiam
1911 3669 1997 3733 de
2031 3671 2235 3733 rebus
2264 3689 2497 3733 eorum

394 3779 658 3842 furtum
709 3772 915 3838 fuerit
966 3771 1250 3846 factum,
1305 3777 1376 3834 et
1431 3769 1669 3834 abbati
1723 3771 1837 3834 uel
1889 3768 2219 3833 fratribus
2274 3770 2500 3834 uisum

393 3879 610 3944 fuerit
653 3883 733 3940 ut
773 3871 1202 3938 examinatio
1246 3891 1337 3935 ex
1379 3869 1510 3936 hoc
1557 3869 1809 3934 debeat
1841 3870 2122 3951 agitari,
2154 3870 2505 3935 habebunt

397 3977 747 4046 licentiam
799 3971 1182 4058 accipiendi
1235 3991 1281 4036 a
1331 3977 1570 4035 nostro
1618 3971 2024 4055 episcopatu
2070 3970 2506 4037 benedictum

399 4081 684 4155 ferrum,
723 4074 837 4142 uel
883 4074 944 4141 si
991 4091 1131 4158 qua
1185 4073 1326 4138 alia
1369 4070 1512 4138 sint
1545 4071 2004 4138 instrumenta
2034 4078 2160 4138 aut
2191 4073 2510 4138 benedic-

1313 4197 1332 4230 ¹
1369 4192 1456 4250 Sic
1489 4199 1607 4253 MS.
