<?xml version="1.0" encoding="UTF-8"?>
<!DOCTYPE html PUBLIC "-//W3C//DTD XHTML 1.0 Transitional//EN"
    "http://www.w3.org/TR/xhtml1/DTD/xhtml1-transitional.dtd">
<html xmlns="http://www.w3.org/1999/xhtml" xml:lang="en" lang="en">
 <head>
  <title>
</title>
<meta http-equiv="Content-Type" content="text/html;charset=utf-8" />
  <meta name='ocr-system' content='tesseract 3.04.00' />
  <meta name='ocr-capabilities' content='ocr_page ocr_carea ocr_par ocr_line ocrx_word'/>
</head>
<body>
  <div class='ocr_page' id='page_1' title='image "./codexdiplomatic11unkngoog_0176.png"; bbox 0 0 3119 5026; ppageno 0'>
   <div class='ocr_carea' id='block_1_1' title="bbox 655 422 2261 491">
    <p class='ocr_par' dir='ltr' id='par_1_1' title="bbox 655 422 2261 491">
     <span class='ocr_line' id='line_1_1' title="bbox 655 422 2261 491; baseline 0.001 -6"><span class='ocrx_word' id='word_1_1' title='bbox 655 422 787 487; x_wconf 84' lang='lat'><strong>134</strong></span> <span class='ocrx_word' id='word_1_2' title='bbox 1174 442 1517 491; x_wconf 62' lang='lat' dir='ltr'><strong>ominus</strong></span> <span class='ocrx_word' id='word_1_3' title='bbox 1571 444 1811 491; x_wconf 71' lang='lat' dir='ltr'><strong>ANcno</strong></span> <span class='ocrx_word' id='word_1_4' title='bbox 1823 441 2261 491; x_wconf 53' lang='lat' dir='ltr'><strong>snxomcnn.</strong></span> 
     </span>
    </p>
   </div>
   <div class='ocr_carea' id='block_1_2' title="bbox 666 579 2778 782">
    <p class='ocr_par' dir='ltr' id='par_1_2' title="bbox 666 579 2778 782">
     <span class='ocr_line' id='line_1_2' title="bbox 666 579 2778 683; baseline -0.004 -22"><span class='ocrx_word' id='word_1_5' title='bbox 666 585 1003 663; x_wconf 65' lang='lat' dir='ltr'><strong>Efidwold</strong></span> <span class='ocrx_word' id='word_1_6' title='bbox 1049 601 1182 663; x_wconf 91' lang='lat' dir='ltr'><strong>and</strong></span> <span class='ocrx_word' id='word_1_7' title='bbox 1220 600 1327 663; x_wconf 90' lang='lat' dir='ltr'><strong>his</strong></span> <span class='ocrx_word' id='word_1_8' title='bbox 1372 608 1708 665; x_wconf 86' lang='lat' dir='ltr'><strong>sweoster</strong></span> <span class='ocrx_word' id='word_1_9' title='bbox 1751 599 1922 683; x_wconf 85' lang='lat' dir='ltr'><strong>hyre</strong></span> <span class='ocrx_word' id='word_1_10' title='bbox 1969 605 2203 662; x_wconf 87' lang='lat' dir='ltr'><strong>taman</strong></span> <span class='ocrx_word' id='word_1_11' title='bbox 2253 596 2414 659; x_wconf 86' lang='lat' dir='ltr'><strong>hors</strong></span> <span class='ocrx_word' id='word_1_12' title='bbox 2460 579 2778 676; x_wconf 59' lang='lat' dir='ltr'><strong>gemffine</strong></span> 
     </span>
     <span class='ocr_line' id='line_1_3' title="bbox 670 687 1753 782; baseline 0.004 -23"><span class='ocrx_word' id='word_1_13' title='bbox 670 744 953 764; x_wconf 89' lang='grc'><strong>......</strong></span> <span class='ocrx_word' id='word_1_14' title='bbox 994 719 1031 763; x_wconf 91' lang='lat' dir='ltr'><strong>e</strong></span> <span class='ocrx_word' id='word_1_15' title='bbox 1060 700 1167 763; x_wconf 88' lang='lat' dir='ltr'><strong>his</strong></span> <span class='ocrx_word' id='word_1_16' title='bbox 1200 687 1425 782; x_wconf 72' lang='lat' dir='ltr'><strong>‘agene</strong></span> <span class='ocrx_word' id='word_1_17' title='bbox 1456 690 1753 764; x_wconf 80' lang='lat' dir='ltr'><strong>t6s0ran.</strong></span> 
     </span>
    </p>
   </div>
   <div class='ocr_carea' id='block_1_3' title="bbox 1599 878 1836 895">
    <p class='ocr_par' dir='ltr' id='par_1_3' title="bbox 1599 878 1836 895">
     <span class='ocr_line' id='line_1_4' title="bbox 1599 878 1836 895; baseline 0 4131"><span class='ocrx_word' id='word_1_18' title='bbox 1599 878 1836 895; x_wconf 95' lang='lat' dir='ltr'><strong> </strong></span> 
     </span>
    </p>
   </div>
   <div class='ocr_carea' id='block_1_4' title="bbox 1370 995 2096 1223">
    <p class='ocr_par' dir='ltr' id='par_1_4' title="bbox 1370 995 2096 1223">
     <span class='ocr_line' id='line_1_5' title="bbox 1504 995 1926 1063; baseline 0 -2"><span class='ocrx_word' id='word_1_19' title='bbox 1504 995 1926 1063; x_wconf 85' lang='lat' dir='ltr'><strong>Mccxcl.</strong></span> 
     </span>
     <span class='ocr_line' id='line_1_6' title="bbox 1370 1143 2096 1223; baseline -0.003 -14"><span class='ocrx_word' id='word_1_20' title='bbox 1370 1143 1899 1223; x_wconf 81' lang='lat' dir='ltr'><strong>AEDELRED,</strong></span> <span class='ocrx_word' id='word_1_21' title='bbox 1943 1144 2096 1209; x_wconf 84' lang='lat'><strong>996.</strong></span> 
     </span>
    </p>
   </div>
   <div class='ocr_carea' id='block_1_5' title="bbox 640 1289 2822 4273">
    <p class='ocr_par' dir='ltr' id='par_1_5' title="bbox 640 1289 2822 4273">
     <span class='ocr_line' id='line_1_7' title="bbox 789 1289 2786 1376; baseline -0.004 -19"><span class='ocrx_word' id='word_1_22' title='bbox 789 1295 869 1375; x_wconf 66' lang='lat'><strong>›1‹</strong></span> <span class='ocrx_word' id='word_1_23' title='bbox 909 1291 1247 1358; x_wconf 70' lang='grc' dir='ltr'><strong>ΑΕΤΕΒΝΙ</strong></span> <span class='ocrx_word' id='word_1_24' title='bbox 1284 1292 1758 1376; x_wconf 79' lang='lat' dir='ltr'><strong>gubernacula</strong></span> <span class='ocrx_word' id='word_1_25' title='bbox 1785 1292 2056 1376; x_wconf 89' lang='lat' dir='ltr'><strong>imperii</strong></span> <span class='ocrx_word' id='word_1_26' title='bbox 2085 1289 2487 1355; x_wconf 81' lang='lat' dir='ltr'><strong>moderante</strong></span> <span class='ocrx_word' id='word_1_27' title='bbox 2519 1289 2590 1352; x_wconf 90' lang='lat' dir='ltr'><strong>in</strong></span> <span class='ocrx_word' id='word_1_28' title='bbox 2626 1307 2786 1370; x_wconf 91' lang='lat' dir='ltr'><strong>per-</strong></span> 
     </span>
     <span class='ocr_line' id='line_1_8' title="bbox 680 1387 2784 1473; baseline -0.002 -18"><span class='ocrx_word' id='word_1_29' title='bbox 680 1398 964 1473; x_wconf 90' lang='lat' dir='ltr'><strong>petuum</strong></span> <span class='ocrx_word' id='word_1_30' title='bbox 1025 1393 1304 1459; x_wconf 89' lang='lat' dir='ltr'><strong>domino</strong></span> <span class='ocrx_word' id='word_1_31' title='bbox 1365 1402 1434 1458; x_wconf 91' lang='lat' dir='ltr'><strong>et</strong></span> <span class='ocrx_word' id='word_1_32' title='bbox 1497 1395 2142 1458; x_wconf 86' lang='lat' dir='ltr'><strong>saluatore-nostro</strong></span> <span class='ocrx_word' id='word_1_33' title='bbox 2193 1390 2405 1454; x_wconf 87' lang='lat' dir='ltr'><strong>Ihesu</strong></span> <span class='ocrx_word' id='word_1_34' title='bbox 2463 1387 2784 1453; x_wconf 88' lang='lat' dir='ltr'><strong>Christo!</strong></span> 
     </span>
     <span class='ocr_line' id='line_1_9' title="bbox 686 1487 2786 1577; baseline -0.001 -24"><span class='ocrx_word' id='word_1_35' title='bbox 686 1489 1109 1556; x_wconf 75' lang='lat' dir='ltr'><strong>certissimis</strong></span> <span class='ocrx_word' id='word_1_36' title='bbox 1162 1494 1584 1577; x_wconf 84' lang='lat' dir='ltr'><strong>pupillarum</strong></span> <span class='ocrx_word' id='word_1_37' title='bbox 1627 1493 1988 1576; x_wconf 87' lang='lat' dir='ltr'><strong>optutibus</strong></span> <span class='ocrx_word' id='word_1_38' title='bbox 2029 1489 2512 1574; x_wconf 82' lang='lat' dir='ltr'><strong>quadripertiti</strong></span> <span class='ocrx_word' id='word_1_39' title='bbox 2546 1487 2786 1551; x_wconf 90' lang='lat' dir='ltr'><strong>mundi</strong></span> 
     </span>
     <span class='ocr_line' id='line_1_10' title="bbox 685 1588 2788 1675; baseline -0.001 -22"><span class='ocrx_word' id='word_1_40' title='bbox 685 1591 937 1655; x_wconf 81' lang='lat' dir='ltr'><strong>cotidie</strong></span> <span class='ocrx_word' id='word_1_41' title='bbox 968 1592 1191 1673; x_wconf 81' lang='lat' dir='ltr'><strong>magis</strong></span> <span class='ocrx_word' id='word_1_42' title='bbox 1223 1612 1306 1657; x_wconf 92' lang='lat' dir='ltr'><strong>ac</strong></span> <span class='ocrx_word' id='word_1_43' title='bbox 1336 1595 1562 1675; x_wconf 79' lang='lat' dir='ltr'><strong>magis</strong></span> <span class='ocrx_word' id='word_1_44' title='bbox 1589 1594 1940 1657; x_wconf 88' lang='lat' dir='ltr'><strong>imminere</strong></span> <span class='ocrx_word' id='word_1_45' title='bbox 1971 1591 2273 1655; x_wconf 89' lang='lat' dir='ltr'><strong>cernitur</strong></span> <span class='ocrx_word' id='word_1_46' title='bbox 2299 1606 2624 1664; x_wconf 86' lang='lat' dir='ltr'><strong>occasus;</strong></span> <span class='ocrx_word' id='word_1_47' title='bbox 2668 1588 2788 1669; x_wconf 90' lang='lat' dir='ltr'><strong>qui</strong></span> 
     </span>
     <span class='ocr_line' id='line_1_11' title="bbox 688 1688 2788 1773; baseline -0.002 -20"><span class='ocrx_word' id='word_1_48' title='bbox 688 1692 1008 1771; x_wconf 84' lang='lat' dir='ltr'><strong>quamuis</strong></span> <span class='ocrx_word' id='word_1_49' title='bbox 1032 1694 1398 1756; x_wconf 88' lang='lat' dir='ltr'><strong>crescendo</strong></span> <span class='ocrx_word' id='word_1_50' title='bbox 1412 1693 1769 1757; x_wconf 82' lang='lat' dir='ltr'><strong>decrescat</strong></span> <span class='ocrx_word' id='word_1_51' title='bbox 1788 1700 1858 1756; x_wconf 90' lang='lat' dir='ltr'><strong>et</strong></span> <span class='ocrx_word' id='word_1_52' title='bbox 1879 1688 2392 1773; x_wconf 85' lang='lat' dir='ltr'><strong>augmentando</strong></span> <span class='ocrx_word' id='word_1_53' title='bbox 2410 1689 2598 1750; x_wconf 89' lang='lat' dir='ltr'><strong>minu</strong></span> <span class='ocrx_word' id='word_1_54' title='bbox 2607 1695 2726 1750; x_wconf 88' lang='lat' dir='ltr'><strong>atu</strong></span> <span class='ocrx_word' id='word_1_55' title='bbox 2735 1708 2788 1763; x_wconf 90' lang='lat' dir='ltr'><strong>r,-</strong></span> 
     </span>
     <span class='ocr_line' id='line_1_12' title="bbox 690 1789 2795 1869; baseline -0 -18"><span class='ocrx_word' id='word_1_56' title='bbox 690 1789 1007 1853; x_wconf 82' lang='lat' dir='ltr'><strong>fidelibus</strong></span> <span class='ocrx_word' id='word_1_57' title='bbox 1068 1801 1295 1855; x_wconf 87' lang='lat' dir='ltr'><strong>tamen</strong></span> <span class='ocrx_word' id='word_1_58' title='bbox 1348 1792 1684 1856; x_wconf 88' lang='lat' dir='ltr'><strong>diuinitus</strong></span> <span class='ocrx_word' id='word_1_59' title='bbox 1746 1798 1854 1855; x_wconf 89' lang='lat' dir='ltr'><strong>est</strong></span> <span class='ocrx_word' id='word_1_60' title='bbox 1899 1809 2324 1866; x_wconf 89' lang='lat' dir='ltr'><strong>concessum,</strong></span> <span class='ocrx_word' id='word_1_61' title='bbox 2383 1796 2464 1851; x_wconf 90' lang='lat' dir='ltr'><strong>ut</strong></span> <span class='ocrx_word' id='word_1_62' title='bbox 2529 1806 2795 1869; x_wconf 83' lang='lat' dir='ltr'><strong>nequa-</strong></span> 
     </span>
     <span class='ocr_line' id='line_1_13' title="bbox 692 1886 2796 1972; baseline -0.001 -20"><span class='ocrx_word' id='word_1_63' title='bbox 692 1908 901 1971; x_wconf 90' lang='lat' dir='ltr'><strong>quam</strong></span> <span class='ocrx_word' id='word_1_64' title='bbox 935 1890 1069 1953; x_wconf 89' lang='lat' dir='ltr'><strong>toti</strong></span> <span class='ocrx_word' id='word_1_65' title='bbox 1099 1910 1256 1955; x_wconf 91' lang='lat' dir='ltr'><strong>cum</strong></span> <span class='ocrx_word' id='word_1_66' title='bbox 1284 1890 1647 1955; x_wconf 87' lang='lat' dir='ltr'><strong>deficiente</strong></span> <span class='ocrx_word' id='word_1_67' title='bbox 1678 1891 2022 1966; x_wconf 86' lang='lat' dir='ltr'><strong>deficiant,</strong></span> <span class='ocrx_word' id='word_1_68' title='bbox 2069 1890 2188 1953; x_wconf 90' lang='lat' dir='ltr'><strong>sed</strong></span> <span class='ocrx_word' id='word_1_69' title='bbox 2233 1908 2357 1972; x_wconf 91' lang='lat' dir='ltr'><strong>per</strong></span> <span class='ocrx_word' id='word_1_70' title='bbox 2399 1886 2796 1951; x_wconf 88' lang='lat' dir='ltr'><strong>umbratilis</strong></span> 
     </span>
     <span class='ocr_line' id='line_1_14' title="bbox 694 1985 2804 2074; baseline -0.001 -22"><span class='ocrx_word' id='word_1_71' title='bbox 694 1988 1124 2054; x_wconf 87' lang='lat' dir='ltr'><strong>substantiae</strong></span> <span class='ocrx_word' id='word_1_72' title='bbox 1167 1991 1679 2056; x_wconf 89' lang='lat' dir='ltr'><strong>mercimonium</strong></span> <span class='ocrx_word' id='word_1_73' title='bbox 1725 1996 2238 2074; x_wconf 86' lang='lat' dir='ltr'><strong>permanentem</strong></span> <span class='ocrx_word' id='word_1_74' title='bbox 2289 1988 2419 2051; x_wconf 89' lang='lat' dir='ltr'><strong>sibi</strong></span> <span class='ocrx_word' id='word_1_75' title='bbox 2455 1985 2804 2052; x_wconf 77' lang='lat' dir='ltr'><strong>thesauri-</strong></span> 
     </span>
     <span class='ocr_line' id='line_1_15' title="bbox 698 2084 2790 2174; baseline -0.001 -23"><span class='ocrx_word' id='word_1_76' title='bbox 698 2094 858 2151; x_wconf 86' lang='lat' dir='ltr'><strong>zent</strong></span> <span class='ocrx_word' id='word_1_77' title='bbox 910 2088 984 2151; x_wconf 86' lang='lat' dir='ltr'><strong>in</strong></span> <span class='ocrx_word' id='word_1_78' title='bbox 1033 2090 1245 2154; x_wconf 88' lang='lat' dir='ltr'><strong>coelis</strong></span> <span class='ocrx_word' id='word_1_79' title='bbox 1296 2089 1720 2168; x_wconf 83' lang='lat' dir='ltr'><strong>thesaurum,</strong></span> <span class='ocrx_word' id='word_1_80' title='bbox 1770 2110 1934 2174; x_wconf 87' lang='lat' dir='ltr'><strong>quo,</strong></span> <span class='ocrx_word' id='word_1_81' title='bbox 1992 2091 2194 2154; x_wconf 84' lang='lat' dir='ltr'><strong>iuxta</strong></span> <span class='ocrx_word' id='word_1_82' title='bbox 2243 2085 2415 2151; x_wconf 89' lang='lat' dir='ltr'><strong>illud</strong></span> <span class='ocrx_word' id='word_1_83' title='bbox 2461 2084 2790 2149; x_wconf 90' lang='lat' dir='ltr'><strong>dominici</strong></span> 
     </span>
     <span class='ocr_line' id='line_1_16' title="bbox 698 2184 2802 2274; baseline -0 -24"><span class='ocrx_word' id='word_1_84' title='bbox 698 2188 1041 2270; x_wconf 84' lang='lat' dir='ltr'><strong>promissi,</strong></span> <span class='ocrx_word' id='word_1_85' title='bbox 1070 2195 1090 2223; x_wconf 92' lang='lat'>‘</span> <span class='ocrx_word' id='word_1_86' title='bbox 1108 2190 1250 2254; x_wconf 89' lang='lat' dir='ltr'><strong>Fur</strong></span> <span class='ocrx_word' id='word_1_87' title='bbox 1287 2210 1426 2254; x_wconf 91' lang='lat' dir='ltr'><strong>non</strong></span> <span class='ocrx_word' id='word_1_88' title='bbox 1468 2192 1855 2274; x_wconf 87' lang='lat' dir='ltr'><strong>appropiat,</strong></span> <span class='ocrx_word' id='word_1_89' title='bbox 1891 2209 2114 2273; x_wconf 91' lang='lat' dir='ltr'><strong>neque</strong></span> <span class='ocrx_word' id='word_1_90' title='bbox 2148 2189 2337 2253; x_wconf 81' lang='lat' dir='ltr'><strong>tinea</strong></span> <span class='ocrx_word' id='word_1_91' title='bbox 2370 2184 2802 2268; x_wconf 64' lang='lat' dir='ltr'><strong>corrumpit?</strong></span> 
     </span>
     <span class='ocr_line' id='line_1_17' title="bbox 703 2286 2806 2373; baseline -0.001 -22"><span class='ocrx_word' id='word_1_92' title='bbox 703 2286 1171 2373; x_wconf 84' lang='lat' dir='ltr'><strong>Quapropter,</strong></span> <span class='ocrx_word' id='word_1_93' title='bbox 1224 2291 1503 2373; x_wconf 87' lang='lat' dir='ltr'><strong>superni</strong></span> <span class='ocrx_word' id='word_1_94' title='bbox 1557 2290 1811 2355; x_wconf 89' lang='lat' dir='ltr'><strong>amoris</strong></span> <span class='ocrx_word' id='word_1_95' title='bbox 1865 2288 2168 2371; x_wconf 87' lang='lat' dir='ltr'><strong>igniculo</strong></span> <span class='ocrx_word' id='word_1_96' title='bbox 2217 2304 2613 2363; x_wconf 78' lang='lat' dir='ltr'><strong>succensuS,</strong></span> <span class='ocrx_word' id='word_1_97' title='bbox 2665 2304 2806 2367; x_wconf 84' lang='lat' dir='ltr'><strong>ego</strong></span> 
     </span>
     <span class='ocr_line' id='line_1_18' title="bbox 705 2385 2804 2471; baseline -0 -21"><span class='ocrx_word' id='word_1_98' title='bbox 705 2386 1050 2466; x_wconf 62' lang='lat' dir='ltr'><strong>AEfielred,</strong></span> <span class='ocrx_word' id='word_1_99' title='bbox 1080 2390 1437 2454; x_wconf 86' lang='lat' dir='ltr'><strong>altithroni</strong></span> <span class='ocrx_word' id='word_1_100' title='bbox 1474 2390 1755 2454; x_wconf 87' lang='lat' dir='ltr'><strong>fauente</strong></span> <span class='ocrx_word' id='word_1_101' title='bbox 1800 2390 2031 2471; x_wconf 82' lang='lat' dir='ltr'><strong>gratia</strong></span> <span class='ocrx_word' id='word_1_102' title='bbox 2068 2387 2372 2455; x_wconf 83' lang='lat' dir='ltr'><strong>basileus</strong></span> <span class='ocrx_word' id='word_1_103' title='bbox 2405 2385 2804 2468; x_wconf 81' lang='lat' dir='ltr'><strong>Anglorum—</strong></span> 
     </span>
     <span class='ocr_line' id='line_1_19' title="bbox 703 2486 2801 2572; baseline -0.001 -20"><span class='ocrx_word' id='word_1_104' title='bbox 703 2495 1268 2572; x_wconf 86' lang='lat' dir='ltr'><strong>caeterarumque</strong></span> <span class='ocrx_word' id='word_1_105' title='bbox 1347 2490 1655 2572; x_wconf 85' lang='lat' dir='ltr'><strong>gentium</strong></span> <span class='ocrx_word' id='word_1_106' title='bbox 1733 2490 1804 2554; x_wconf 92' lang='lat' dir='ltr'><strong>in</strong></span> <span class='ocrx_word' id='word_1_107' title='bbox 1889 2488 2182 2554; x_wconf 88' lang='lat' dir='ltr'><strong>circuitu</strong></span> <span class='ocrx_word' id='word_1_108' title='bbox 2262 2486 2801 2571; x_wconf 88' lang='lat' dir='ltr'><strong>persistentium,</strong></span> 
     </span>
     <span class='ocr_line' id='line_1_20' title="bbox 705 2586 2802 2668; baseline -0 -17"><span class='ocrx_word' id='word_1_109' title='bbox 705 2595 988 2653; x_wconf 88' lang='lat' dir='ltr'><strong>sanctae</strong></span> <span class='ocrx_word' id='word_1_110' title='bbox 1030 2589 1143 2653; x_wconf 85' lang='lat' dir='ltr'><strong>dei</strong></span> <span class='ocrx_word' id='word_1_111' title='bbox 1186 2591 1586 2668; x_wconf 86' lang='lat' dir='ltr'><strong>aecclesiae,</strong></span> <span class='ocrx_word' id='word_1_112' title='bbox 1620 2590 1969 2654; x_wconf 85' lang='lat' dir='ltr'><strong>Wentana</strong></span> <span class='ocrx_word' id='word_1_113' title='bbox 2002 2589 2287 2653; x_wconf 87' lang='lat' dir='ltr'><strong>ciuitate</strong></span> <span class='ocrx_word' id='word_1_114' title='bbox 2329 2588 2537 2652; x_wconf 87' lang='lat' dir='ltr'><strong>beato</strong></span> <span class='ocrx_word' id='word_1_115' title='bbox 2584 2586 2802 2650; x_wconf 90' lang='lat' dir='ltr'><strong>Petro</strong></span> 
     </span>
     <span class='ocr_line' id='line_1_21' title="bbox 708 2686 2808 2774; baseline -0.001 -23"><span class='ocrx_word' id='word_1_116' title='bbox 708 2689 1175 2772; x_wconf 87' lang='lat' dir='ltr'><strong>apostolorum</strong></span> <span class='ocrx_word' id='word_1_117' title='bbox 1208 2691 1504 2774; x_wconf 86' lang='lat' dir='ltr'><strong>principi</strong></span> <span class='ocrx_word' id='word_1_118' title='bbox 1534 2691 1818 2773; x_wconf 89' lang='lat' dir='ltr'><strong>eiusque</strong></span> <span class='ocrx_word' id='word_1_119' title='bbox 1851 2689 2256 2772; x_wconf 86' lang='lat' dir='ltr'><strong>coapostolo</strong></span> <span class='ocrx_word' id='word_1_120' title='bbox 2291 2686 2543 2763; x_wconf 91' lang='lat' dir='ltr'><strong>Paulo,</strong></span> <span class='ocrx_word' id='word_1_121' title='bbox 2573 2686 2664 2750; x_wconf 91' lang='lat' dir='ltr'><strong>ob</strong></span> <span class='ocrx_word' id='word_1_122' title='bbox 2695 2705 2808 2749; x_wconf 90' lang='lat' dir='ltr'><strong>re-</strong></span> 
     </span>
     <span class='ocr_line' id='line_1_22' title="bbox 711 2785 2813 2868; baseline -0.001 -16"><span class='ocrx_word' id='word_1_123' title='bbox 711 2789 1049 2853; x_wconf 88' lang='lat' dir='ltr'><strong>uerendae</strong></span> <span class='ocrx_word' id='word_1_124' title='bbox 1114 2791 1440 2855; x_wconf 82' lang='lat' dir='ltr'><strong>trinitatis</strong></span> <span class='ocrx_word' id='word_1_125' title='bbox 1504 2790 1858 2867; x_wconf 87' lang='lat' dir='ltr'><strong>honorem,</strong></span> <span class='ocrx_word' id='word_1_126' title='bbox 1924 2795 2392 2864; x_wconf 86' lang='lat' dir='ltr'><strong>consecratae,</strong></span> <span class='ocrx_word' id='word_1_127' title='bbox 2453 2785 2813 2868; x_wconf 86' lang='lat' dir='ltr'><strong>AElphego</strong></span> 
     </span>
     <span class='ocr_line' id='line_1_23' title="bbox 709 2887 2814 2972; baseline -0.002 -20"><span class='ocrx_word' id='word_1_128' title='bbox 709 2889 1015 2952; x_wconf 88' lang='lat' dir='ltr'><strong>eiusdem</strong></span> <span class='ocrx_word' id='word_1_129' title='bbox 1049 2891 1235 2953; x_wconf 88' lang='lat' dir='ltr'><strong>sedis</strong></span> <span class='ocrx_word' id='word_1_130' title='bbox 1269 2892 1581 2955; x_wconf 86' lang='lat' dir='ltr'><strong>antistite</strong></span> <span class='ocrx_word' id='word_1_131' title='bbox 1609 2890 2042 2972; x_wconf 88' lang='lat' dir='ltr'><strong>impetrante,</strong></span> <span class='ocrx_word' id='word_1_132' title='bbox 2068 2909 2194 2970; x_wconf 89' lang='lat' dir='ltr'><strong>pro</strong></span> <span class='ocrx_word' id='word_1_133' title='bbox 2227 2906 2533 2951; x_wconf 86' lang='lat' dir='ltr'><strong>meorum</strong></span> <span class='ocrx_word' id='word_1_134' title='bbox 2563 2887 2814 2968; x_wconf 84' lang='lat' dir='ltr'><strong>expia-</strong></span> 
     </span>
     <span class='ocr_line' id='line_1_24' title="bbox 709 2985 2812 3072; baseline -0.001 -21"><span class='ocrx_word' id='word_1_135' title='bbox 709 2989 897 3052; x_wconf 88' lang='lat' dir='ltr'><strong>tione</strong></span> <span class='ocrx_word' id='word_1_136' title='bbox 927 2989 1383 3071; x_wconf 90' lang='lat' dir='ltr'><strong>piaculorum,</strong></span> <span class='ocrx_word' id='word_1_137' title='bbox 1409 2991 1682 3072; x_wconf 89' lang='lat' dir='ltr'><strong>meique</strong></span> <span class='ocrx_word' id='word_1_138' title='bbox 1712 2998 1902 3053; x_wconf 86' lang='lat' dir='ltr'><strong>statu</strong></span> <span class='ocrx_word' id='word_1_139' title='bbox 1929 2989 2232 3072; x_wconf 90' lang='lat' dir='ltr'><strong>imperii;</strong></span> <span class='ocrx_word' id='word_1_140' title='bbox 2263 2985 2610 3070; x_wconf 87' lang='lat' dir='ltr'><strong>quandam</strong></span> <span class='ocrx_word' id='word_1_141' title='bbox 2648 2985 2812 3050; x_wconf 84' lang='lat' dir='ltr'><strong>hos·-</strong></span> 
     </span>
     <span class='ocr_line' id='line_1_25' title="bbox 714 3086 2812 3171; baseline -0.001 -21"><span class='ocrx_word' id='word_1_142' title='bbox 714 3087 874 3167; x_wconf 87' lang='lat' dir='ltr'><strong>picii</strong></span> <span class='ocrx_word' id='word_1_143' title='bbox 902 3089 1284 3170; x_wconf 87' lang='lat' dir='ltr'><strong>portionem</strong></span> <span class='ocrx_word' id='word_1_144' title='bbox 1318 3089 1389 3152; x_wconf 88' lang='lat' dir='ltr'><strong>in</strong></span> <span class='ocrx_word' id='word_1_145' title='bbox 1424 3088 1740 3170; x_wconf 88' lang='lat' dir='ltr'><strong>praefata</strong></span> <span class='ocrx_word' id='word_1_146' title='bbox 1771 3090 2058 3154; x_wconf 87' lang='lat' dir='ltr'><strong>ciuitate</strong></span> <span class='ocrx_word' id='word_1_147' title='bbox 2086 3089 2318 3165; x_wconf 85' lang='lat' dir='ltr'><strong>sitam,</strong></span> <span class='ocrx_word' id='word_1_148' title='bbox 2350 3105 2530 3171; x_wconf 89' lang='lat' dir='ltr'><strong>quae</strong></span> <span class='ocrx_word' id='word_1_149' title='bbox 2577 3086 2812 3167; x_wconf 90' lang='lat' dir='ltr'><strong>patria</strong></span> 
     </span>
     <span class='ocr_line' id='line_1_26' title="bbox 716 3185 2814 3272; baseline 0 -24"><span class='ocrx_word' id='word_1_150' title='bbox 716 3186 957 3268; x_wconf 82' lang='lat' dir='ltr'><strong>lingua</strong></span> <span class='ocrx_word' id='word_1_151' title='bbox 999 3187 1184 3269; x_wconf 85' lang='lat' dir='ltr'><strong>haga</strong></span> <span class='ocrx_word' id='word_1_152' title='bbox 1223 3187 1403 3253; x_wconf 91' lang='lat' dir='ltr'><strong>solet</strong></span> <span class='ocrx_word' id='word_1_153' title='bbox 1441 3188 1802 3272; x_wconf 88' lang='lat' dir='ltr'><strong>appellari,</strong></span> <span class='ocrx_word' id='word_1_154' title='bbox 1838 3189 1942 3253; x_wconf 87' lang='lat' dir='ltr'><strong>uti</strong></span> <span class='ocrx_word' id='word_1_155' title='bbox 1974 3187 2227 3253; x_wconf 86' lang='lat' dir='ltr'><strong>nobilis</strong></span> <span class='ocrx_word' id='word_1_156' title='bbox 2269 3196 2590 3251; x_wconf 84' lang='lat' dir='ltr'><strong>matrona</strong></span> <span class='ocrx_word' id='word_1_157' title='bbox 2620 3185 2814 3249; x_wconf 82' lang='lat' dir='ltr'><strong>AElf-</strong></span> 
     </span>
     <span class='ocr_line' id='line_1_27' title="bbox 715 3283 2814 3372; baseline -0.001 -22"><span class='ocrx_word' id='word_1_158' title='bbox 715 3293 936 3369; x_wconf 56' lang='lat' dir='ltr'><strong>swyffl,</strong></span> <span class='ocrx_word' id='word_1_159' title='bbox 960 3288 1091 3352; x_wconf 91' lang='lat' dir='ltr'><strong>deo</strong></span> <span class='ocrx_word' id='word_1_160' title='bbox 1114 3289 1567 3371; x_wconf 88' lang='lat' dir='ltr'><strong>omnipotenti</strong></span> <span class='ocrx_word' id='word_1_161' title='bbox 1593 3289 1880 3370; x_wconf 88' lang='lat' dir='ltr'><strong>eiusque</strong></span> <span class='ocrx_word' id='word_1_162' title='bbox 1907 3287 2448 3372; x_wconf 82' lang='lat' dir='ltr'><strong>praenominatis</strong></span> <span class='ocrx_word' id='word_1_163' title='bbox 2474 3283 2814 3367; x_wconf 87' lang='lat' dir='ltr'><strong>apostolis</strong></span> 
     </span>
     <span class='ocr_line' id='line_1_28' title="bbox 717 3384 2813 3470; baseline 0 -22"><span class='ocrx_word' id='word_1_164' title='bbox 717 3384 1176 3451; x_wconf 88' lang='lat' dir='ltr'><strong>haereditario</strong></span> <span class='ocrx_word' id='word_1_165' title='bbox 1230 3389 1379 3452; x_wconf 90' lang='lat' dir='ltr'><strong>iure</strong></span> <span class='ocrx_word' id='word_1_166' title='bbox 1432 3395 1897 3462; x_wconf 53' lang='lat' dir='ltr'><strong>concesseram</strong></span> <span class='ocrx_word' id='word_1_167' title='bbox 1961 3389 2283 3470; x_wconf 86' lang='lat' dir='ltr'><strong>quamuis</strong></span> <span class='ocrx_word' id='word_1_168' title='bbox 2338 3393 2498 3470; x_wconf 91' lang='lat' dir='ltr'><strong>post</strong></span> <span class='ocrx_word' id='word_1_169' title='bbox 2545 3387 2813 3450; x_wconf 91' lang='lat' dir='ltr'><strong>obitum</strong></span> 
     </span>
     <span class='ocr_line' id='line_1_29' title="bbox 716 3483 2820 3570; baseline 0 -22"><span class='ocrx_word' id='word_1_170' title='bbox 716 3483 935 3567; x_wconf 89' lang='lat' dir='ltr'><strong>ipsius</strong></span> <span class='ocrx_word' id='word_1_171' title='bbox 979 3487 1220 3550; x_wconf 90' lang='lat' dir='ltr'><strong>eadem</strong></span> <span class='ocrx_word' id='word_1_172' title='bbox 1257 3489 1596 3569; x_wconf 89' lang='lat' dir='ltr'><strong>possessio</strong></span> <span class='ocrx_word' id='word_1_173' title='bbox 1625 3488 1840 3552; x_wconf 88' lang='lat' dir='ltr'><strong>ueluti</strong></span> <span class='ocrx_word' id='word_1_174' title='bbox 1890 3488 2069 3552; x_wconf 89' lang='lat' dir='ltr'><strong>solet</strong></span> <span class='ocrx_word' id='word_1_175' title='bbox 2111 3508 2154 3553; x_wconf 89' lang='lat' dir='ltr'><strong>a</strong></span> <span class='ocrx_word' id='word_1_176' title='bbox 2197 3486 2612 3570; x_wconf 86' lang='lat' dir='ltr'><strong>quibusdam</strong></span> <span class='ocrx_word' id='word_1_177' title='bbox 2657 3504 2820 3568; x_wconf 89' lang='lat' dir='ltr'><strong>per-</strong></span> 
     </span>
     <span class='ocr_line' id='line_1_30' title="bbox 721 3585 2816 3670; baseline 0 -22"><span class='ocrx_word' id='word_1_178' title='bbox 721 3587 910 3650; x_wconf 88' lang='lat' dir='ltr'><strong>sonis</strong></span> <span class='ocrx_word' id='word_1_179' title='bbox 938 3585 1191 3650; x_wconf 88' lang='lat' dir='ltr'><strong>iniuste</strong></span> <span class='ocrx_word' id='word_1_180' title='bbox 1226 3606 1547 3670; x_wconf 88' lang='lat' dir='ltr'><strong>possessa</strong></span> <span class='ocrx_word' id='word_1_181' title='bbox 1581 3587 1811 3665; x_wconf 83' lang='lat' dir='ltr'><strong>fuerit,</strong></span> <span class='ocrx_word' id='word_1_182' title='bbox 1840 3588 2061 3652; x_wconf 90' lang='lat' dir='ltr'><strong>libens</strong></span> <span class='ocrx_word' id='word_1_183' title='bbox 2096 3588 2183 3652; x_wconf 85' lang='lat' dir='ltr'><strong>ad</strong></span> <span class='ocrx_word' id='word_1_184' title='bbox 2218 3607 2388 3650; x_wconf 88' lang='lat' dir='ltr'><strong>usus</strong></span> <span class='ocrx_word' id='word_1_185' title='bbox 2417 3586 2709 3650; x_wconf 85' lang='lat' dir='ltr'><strong>fratrum</strong></span> <span class='ocrx_word' id='word_1_186' title='bbox 2745 3586 2816 3648; x_wconf 91' lang='lat' dir='ltr'><strong>in</strong></span> 
     </span>
     <span class='ocr_line' id='line_1_31' title="bbox 640 3685 2819 3768; baseline 0 -19"><span class='ocrx_word' id='word_1_187' title='bbox 640 3693 645 3699; x_wconf 88' lang='lat'>&#39;</span> <span class='ocrx_word' id='word_1_188' title='bbox 724 3685 1036 3768; x_wconf 87' lang='lat' dir='ltr'><strong>praefato</strong></span> <span class='ocrx_word' id='word_1_189' title='bbox 1064 3687 1300 3750; x_wconf 90' lang='lat' dir='ltr'><strong>Ueteri</strong></span> <span class='ocrx_word' id='word_1_190' title='bbox 1328 3689 1660 3752; x_wconf 91' lang='lat' dir='ltr'><strong>coenobio</strong></span> <span class='ocrx_word' id='word_1_191' title='bbox 1689 3686 1966 3752; x_wconf 88' lang='lat' dir='ltr'><strong>Christo</strong></span> <span class='ocrx_word' id='word_1_192' title='bbox 1988 3687 2471 3752; x_wconf 87' lang='lat' dir='ltr'><strong>famulantium</strong></span> <span class='ocrx_word' id='word_1_193' title='bbox 2494 3693 2819 3750; x_wconf 86' lang='lat' dir='ltr'><strong>aeterna-</strong></span> 
     </span>
     <span class='ocr_line' id='line_1_32' title="bbox 722 3785 2820 3868; baseline 0.001 -20"><span class='ocrx_word' id='word_1_194' title='bbox 722 3786 883 3850; x_wconf 92' lang='lat' dir='ltr'><strong>liter</strong></span> <span class='ocrx_word' id='word_1_195' title='bbox 927 3787 1411 3868; x_wconf 88' lang='lat' dir='ltr'><strong>possidendam</strong></span> <span class='ocrx_word' id='word_1_196' title='bbox 1443 3788 1874 3852; x_wconf 91' lang='lat' dir='ltr'><strong>restituendo</strong></span> <span class='ocrx_word' id='word_1_197' title='bbox 1917 3788 2220 3852; x_wconf 88' lang='lat' dir='ltr'><strong>concedo</strong></span> <span class='ocrx_word' id='word_1_198' title='bbox 2266 3794 2338 3851; x_wconf 90' lang='lat' dir='ltr'><strong>et</strong></span> <span class='ocrx_word' id='word_1_199' title='bbox 2381 3785 2820 3850; x_wconf 90' lang='lat' dir='ltr'><strong>concedendo</strong></span> 
     </span>
     <span class='ocr_line' id='line_1_33' title="bbox 724 3885 2816 3971; baseline 0.001 -22"><span class='ocrx_word' id='word_1_200' title='bbox 724 3887 1050 3961; x_wconf 68' lang='lat' dir='ltr'><strong>restitum</strong></span> <span class='ocrx_word' id='word_1_201' title='bbox 1098 3906 1359 3952; x_wconf 89' lang='lat' dir='ltr'><strong>necnon</strong></span> <span class='ocrx_word' id='word_1_202' title='bbox 1393 3895 1463 3952; x_wconf 92' lang='lat' dir='ltr'><strong>et</strong></span> <span class='ocrx_word' id='word_1_203' title='bbox 1491 3887 1847 3952; x_wconf 88' lang='lat' dir='ltr'><strong>dimidium</strong></span> <span class='ocrx_word' id='word_1_204' title='bbox 1869 3887 2221 3952; x_wconf 88' lang='lat' dir='ltr'><strong>cuiusdam</strong></span> <span class='ocrx_word' id='word_1_205' title='bbox 2249 3887 2528 3971; x_wconf 89' lang='lat' dir='ltr'><strong>piscarii</strong></span> <span class='ocrx_word' id='word_1_206' title='bbox 2555 3885 2816 3951; x_wconf 88' lang='lat' dir='ltr'><strong>uadum</strong></span> 
     </span>
     <span class='ocr_line' id='line_1_34' title="bbox 724 3985 2820 4071; baseline -0 -21"><span class='ocrx_word' id='word_1_207' title='bbox 724 3985 813 4050; x_wconf 84' lang='lat' dir='ltr'><strong>ad</strong></span> <span class='ocrx_word' id='word_1_208' title='bbox 846 3995 1206 4069; x_wconf 88' lang='lat' dir='ltr'><strong>capturam</strong></span> <span class='ocrx_word' id='word_1_209' title='bbox 1232 3989 1520 4071; x_wconf 88' lang='lat' dir='ltr'><strong>piscium</strong></span> <span class='ocrx_word' id='word_1_210' title='bbox 1551 3997 1644 4052; x_wconf 87' lang='lat' dir='ltr'><strong>aet</strong></span> <span class='ocrx_word' id='word_1_211' title='bbox 1669 3989 1917 4070; x_wconf 86' lang='lat' dir='ltr'><strong>Braege</strong></span> <span class='ocrx_word' id='word_1_212' title='bbox 1945 3989 2447 4063; x_wconf 86' lang='lat' dir='ltr'><strong>decurrentem,</strong></span> <span class='ocrx_word' id='word_1_213' title='bbox 2467 3986 2556 4050; x_wconf 90' lang='lat' dir='ltr'><strong>ad</strong></span> <span class='ocrx_word' id='word_1_214' title='bbox 2583 3985 2820 4070; x_wconf 29' lang='lat' dir='ltr'><strong>&#39;Uetus</strong></span> 
     </span>
     <span class='ocr_line' id='line_1_35' title="bbox 726 4086 2822 4171; baseline 0 -23"><span class='ocrx_word' id='word_1_215' title='bbox 726 4086 990 4150; x_wconf 89' lang='lat' dir='ltr'><strong>scilicet</strong></span> <span class='ocrx_word' id='word_1_216' title='bbox 1037 4089 1518 4153; x_wconf 85' lang='lat' dir='ltr'><strong>monasterium</strong></span> <span class='ocrx_word' id='word_1_217' title='bbox 1569 4090 2046 4171; x_wconf 85' lang='lat' dir='ltr'><strong>pertinentem,</strong></span> <span class='ocrx_word' id='word_1_218' title='bbox 2100 4108 2256 4152; x_wconf 88' lang='lat' dir='ltr'><strong>cum</strong></span> <span class='ocrx_word' id='word_1_219' title='bbox 2303 4086 2507 4150; x_wconf 89' lang='lat' dir='ltr'><strong>unius</strong></span> <span class='ocrx_word' id='word_1_220' title='bbox 2559 4086 2822 4166; x_wconf 82' lang='lat' dir='ltr'><strong>ingeris</strong></span> 
     </span>
     <span class='ocr_line' id='line_1_36' title="bbox 726 4185 2822 4273; baseline 0 -23"><span class='ocrx_word' id='word_1_221' title='bbox 726 4187 857 4251; x_wconf 90' lang='lat' dir='ltr'><strong>sibi</strong></span> <span class='ocrx_word' id='word_1_222' title='bbox 913 4187 1291 4254; x_wconf 83' lang='lat' dir='ltr'><strong>adiacentis</strong></span> <span class='ocrx_word' id='word_1_223' title='bbox 1343 4190 1684 4272; x_wconf 87' lang='lat' dir='ltr'><strong>portione,</strong></span> <span class='ocrx_word' id='word_1_224' title='bbox 1743 4197 2077 4273; x_wconf 87' lang='lat' dir='ltr'><strong>perpetuo</strong></span> <span class='ocrx_word' id='word_1_225' title='bbox 2137 4187 2283 4252; x_wconf 91' lang='lat' dir='ltr'><strong>iure</strong></span> <span class='ocrx_word' id='word_1_226' title='bbox 2332 4185 2822 4271; x_wconf 86' lang='lat' dir='ltr'><strong>possidendum</strong></span> 
     </span>
    </p>
   </div>
   <div class='ocr_carea' id='block_1_6' title="bbox 3061 4163 3081 4765">
    <p class='ocr_par' dir='ltr' id='par_1_6' title="bbox 3061 4163 3081 4765">
     <span class='ocr_line' id='line_1_37' title="bbox 3061 4163 3081 4765; baseline 0 0"><span class='ocrx_word' id='word_1_227' title='bbox 3061 4163 3081 4765; x_wconf 95' lang='lat' dir='ltr'><strong> </strong></span> 
     </span>
    </p>
   </div>
   <div class='ocr_carea' id='block_1_7' title="bbox 3057 4163 3084 4957">
    <p class='ocr_par' dir='ltr' id='par_1_7' title="bbox 3057 4163 3084 4957">
     <span class='ocr_line' id='line_1_38' title="bbox 3057 4163 3084 4957; baseline 0 0"><span class='ocrx_word' id='word_1_228' title='bbox 3057 4163 3084 4957; x_wconf 95' lang='lat' dir='ltr'><strong> </strong></span> 
     </span>
    </p>
   </div>
  </div>
 </body>
</html>
