3119 5026
643 449 689 513 6
1160 465 1503 513 anRTAR
1556 464 1796 514 Auem
1807 465 2246 514 sAxochn.

647 625 760 689 cui
787 625 1128 689 aecclesia
1156 630 1332 701 tota,
1368 623 1696 688 uidelicet
1721 623 2084 700 catholica,
2120 640 2426 687 consona
2451 641 2623 686 uoce
2653 622 2760 686 al-

649 726 979 790 tiboando
1005 725 1418 809 proclamat,
1446 729 1467 760 ‘
1486 725 1708 789 Beata
1737 744 1814 790 es
1845 725 2044 805 uirgo
2075 723 2307 788 Maria
2327 743 2506 806 quae
2529 722 2754 786 credi-

648 825 846 906 disti;
898 827 1341 909 perficientur
1373 825 1447 890 in
1468 833 1539 892 te
1565 845 1747 909 quae
1777 825 1966 890 dicta
1987 825 2157 890 sunt
2196 824 2323 888 tibi
2355 843 2400 888 a
2429 823 2756 887 domino.’

652 924 913 990 Mirum
942 926 1174 992 dictu!
1229 928 1633 993 incarnatur
1664 926 1951 990 uerbum
1989 931 2060 988 et
2087 924 2593 1008 incorporatur,
2620 924 2754 988 sci-

649 1024 813 1090 licet
837 1026 1033 1105 illud,
1058 1026 1149 1090 de
1177 1045 1316 1108 quo
1344 1026 1830 1111 euuangelista
1847 1025 2364 1110 supereminens
2397 1025 2758 1090 uniuerso-

650 1145 802 1189 rum
884 1126 1247 1193 altitudine
1309 1145 1632 1192 sensuum
1687 1127 1935 1212 inquit,
1997 1132 2014 1162 ‘
2040 1126 2128 1190 In
2192 1124 2532 1210 principio
2607 1133 2762 1191 erat

651 1228 961 1306 uerbum,
1024 1233 1097 1291 et
1157 1229 1445 1292 uerbum
1506 1235 1660 1292 erat
1711 1228 1900 1312 apud
1961 1226 2192 1304 deum,
2249 1233 2321 1290 et
2381 1226 2554 1291 deus
2607 1233 2762 1291 erat

651 1327 983 1404 uerbum,’
1031 1333 1103 1391 et
1153 1327 1442 1411 reliqua.
1547 1326 1733 1406 Qua,
1777 1327 2123 1406 uidelicet,
2153 1334 2432 1411 sumpta
2479 1327 2564 1390 de
2612 1327 2758 1392 uir-

651 1426 811 1507 gine
860 1427 1356 1507 incarnatione,
1402 1427 1728 1511 antiquae
1775 1428 2065 1510 uirginis
2119 1427 2387 1491 facinus
2439 1427 2760 1505 demitur,

652 1533 723 1590 et
779 1527 1045 1592 cunctis
1105 1528 1507 1592 mulieribus
1563 1527 1798 1592 nitidis
1855 1527 2262 1611 praecluens
2329 1527 2760 1592 taumatibus

652 1625 861 1692 decus
911 1627 1279 1710 irrogatur.
1407 1629 1688 1694 Intacta
1717 1627 2322 1710 igiturredolente
2355 1627 2614 1692 Christi
2652 1626 2758 1690 di-

650 1727 969 1807 uinitate,
1009 1747 1356 1812 passaque
1387 1729 1607 1812 ipsius
1658 1727 2114 1806 humanitate,
2147 1728 2433 1792 libertas
2466 1727 2762 1791 addictis

652 1825 1025 1892 clementer
1066 1828 1363 1911 contigit
1412 1828 1729 1892 seruulis.
1833 1828 2024 1892 Hinc
2068 1846 2200 1908 ego
2249 1827 2552 1909 Eadgar,
2605 1827 2760 1892 alti-

654 1927 904 1992 throno
948 1929 1535 2006 amminiculante,
1567 1927 1952 2010 Anglorum
1990 1935 2556 2010 caeterarumque
2593 1947 2762 2009 gen-

653 2027 824 2092 tium
868 2029 940 2093 in
984 2027 1276 2093 circuitu
1329 2028 1665 2093 triuiatim
1729 2029 2244 2112 persistentium
2301 2028 2629 2106 basileuS,
2681 2035 2762 2092 ut

653 2126 855 2192 huius
904 2128 1243 2193 libertatis
1288 2129 1647 2195 altithroni
1691 2129 2142 2194 moderatoris
2197 2128 2564 2194 clementia
2615 2148 2759 2192 me-

653 2246 809 2294 rear
859 2226 1170 2293 obtinere
1223 2228 1671 2306 consortium,
1723 2249 1886 2293 rura
1936 2249 2118 2313 quae
2167 2229 2330 2294 olim
2383 2248 2428 2292 a
2476 2228 2761 2311 praede-

652 2329 1041 2393 cessoribus
1082 2330 1338 2394 nostris
1390 2329 1650 2412 largita
1696 2337 1882 2408 sunt,
1931 2329 2188 2394 iniuste
2239 2330 2328 2394 ab
2365 2329 2760 2393 infidelibus

654 2429 1001 2508 quondam
1036 2431 1408 2506 abstracta,
1462 2431 1534 2493 in
1589 2429 1888 2513 Gaeging
1937 2430 2262 2495 uidelicet
2307 2447 2408 2494 .x.
2453 2449 2758 2506 mansaS,

651 2529 723 2592 in
758 2528 971 2595 Gesie
1004 2548 1152 2595 .xv‚
1207 2532 1277 2595 in
1304 2529 1601 2596 Weorlie
1629 2548 1850 2596 .xxx.
1907 2532 1979 2596 in
2009 2531 2436 2596 Earmundes
2475 2532 2634 2597 leah
2668 2548 2756 2595 Ν.

653 2627 1194 2696 Abbandunensi
1278 2632 1654 2696 aecclesiae
1725 2634 2096 2697 restituens
2172 2632 2448 2696 domino
2519 2639 2759 2696 nostro

651 2731 939 2813 eiusque
986 2732 1298 2814 genitrici
1332 2732 1624 2811 Mariae,
1672 2732 1762 2797 ad
1809 2753 2011 2797 usum
2053 2732 2546 2798 monachorum
2587 2733 2759 2797 inibi

650 2832 1048 2913 degentium
1110 2839 1391 2897 aeterna
1447 2833 1744 2915 largitus
1797 2853 1949 2898 sum
2002 2833 2446 2898 haereditate.
2575 2832 2758 2897 Gra-

650 2934 831 2999 tuita
859 2933 1094 2997 itidem
1146 2933 1399 2998 domini
1450 2934 1680 3015 gratia
1719 2933 2110 3012 instinctuS,
2155 2934 2508 2999 monachis
2553 2953 2756 3016 prae-

650 3032 796 3098 fato
848 3031 1395 3097 Abbandunensi
1451 3032 1864 3115 regulariter
1904 3034 2336 3116 degentibus,
2395 3036 2760 3099 monastici

649 3140 999 3197 aeternam
1050 3133 1398 3215 priuilegii
1448 3141 1529 3197 ut
1573 3134 2134 3217 praedecessores
2192 3136 2410 3200 nostri
2453 3135 2757 3199 concedo

649 3232 1062 3310 libertatem,
1092 3240 1437 3316 quatenus
1470 3242 1632 3317 post
1669 3234 2026 3299 decessum
2069 3234 2513 3301 AElieluuoldi
2541 3238 2758 3301 abba-

650 3334 753 3401 tis,
782 3334 1110 3415 aegregii,
1167 3334 1362 3397 cuius
1413 3335 1836 3417 temporibus
1891 3336 2062 3400 haec
2103 3336 2442 3401 libertatis
2485 3344 2758 3401 restau-

650 3434 851 3511 rati0,
879 3433 1158 3498 Christo
1193 3434 1642 3517 suffragante,
1667 3456 1998 3501 concessa
2031 3443 2161 3513 est,
2191 3457 2398 3520 quem
2437 3437 2569 3502 sibi
2601 3439 2756 3503 uni-

650 3552 851 3597 uersa
900 3533 1192 3617 praefati
1234 3536 1546 3599 coenobii
1590 3537 2036 3619 congregatio
2076 3545 2242 3619 apto
2272 3537 2559 3620 elegerit
2591 3558 2758 3603 con·

648 3634 827 3711 silio,
888 3634 1263 3699 secundum
1320 3636 1672 3717 regularia
1740 3638 1925 3701 beati
1994 3638 2354 3703 Benedicti
2411 3638 2756 3717 instituta,

648 3735 970 3802 abbatem
1013 3736 1195 3799 iuste
1240 3754 1328 3801 ex
1376 3736 1615 3800 eodem
1667 3738 1957 3803 fratrum
2011 3757 2228 3803 cuneo
2274 3738 2536 3821 'eligens
2593 3759 2758 3804 con-

648 3835 915 3899 stituat.
1023 3835 1256 3899 Huius
1312 3836 1659 3920 priuilegii
1704 3838 1988 3903 libertas
2041 3838 2364 3921 deinceps
2411 3859 2541 3903 usu
2597 3859 2754 3923 per-

646 3940 855 4015 petuo
914 3954 957 3997 a
1001 3936 1266 4000 cunctis
1312 3942 1633 4002 teneatur
1675 3939 2060 4015 catholiciS,
2097 3959 2222 4003 nec
2267 3946 2754 4004 extraneorum

646 4036 1014 4117 quispiam,
1077 4036 1428 4119 tyrranica
1482 4038 1706 4116 *fretus
1771 4040 2224 4117 contumacia,
2278 4040 2347 4103 in
2399 4041 2754 4123 praedicto

648 4136 1063 4217 monasterio
1099 4138 1206 4200 ius
1239 4138 1573 4221 arripiens
1623 4147 1944 4203 exerceat
1995 4142 2382 4223 potestatiS,
2418 4140 2538 4205 sed
2569 4142 2750 4205 eius-

643 4235 801 4299 dem
846 4238 1156 4301 coenobii
1192 4237 1559 4321 collegium
1609 4250 2006 4323 perpetuae,
2055 4248 2129 4304 ut
2176 4242 2514 4324 praedixi,
2548 4241 2750 4306 liber-
