3119 5026
630 479 637 484 .
678 418 766 481 ’74
1193 433 1543 482 cussus
1598 432 2288 484 Ancmssxochss.

678 591 939 658 domini
992 592 1211 657 nostri
1264 592 1475 657 Ihesu
1525 590 1812 669 Christi,
1862 592 1936 657 in
1977 591 2131 657 loco
2175 593 2298 675 qui
2346 590 2600 658 dieitur
2643 592 2786 659 Ab·

680 693 982 770 bandun,
1042 693 1130 757 ad
1198 712 1369 758 usus
1438 692 1691 756 ibidem
1763 692 2057 759 fratrum
2133 690 2262 758 deo
2335 694 2782 758 seruientium

680 793 975 859 libenter
1006 793 1351 867 concedo;
1402 793 1776 857 obsecrans
1821 800 1891 857 et
1934 794 2365 877 praecipiens
2400 795 2474 858 in
2509 795 2784 859 nomine

682 894 965 970 Christi,
1029 905 1109 958 ut
1160 913 1361 957 nemo
1424 882 1900 959 successorum
1955 898 2350 958 nostrornm
2409 895 2783 977 superioris

680 994 793 1059 uel
844 994 1185 1059 inferioris
1243 993 1501 1075 gradus
1565 992 1698 1057 hoc
1747 1000 2028 1057 nostrae
2088 993 2476 1058 deuotionis
2527 994 2782 1059 donum

682 1095 917 1177 aliquo
999 1095 1410 1159 temeritatis
1480 1094 1920 1176 aliquatenus
1977 1093 2314 1159 instinctu
2371 1094 2781 1177 disrumpat.

678 1194 787 1260 Sit
832 1202 1065 1259 autem
1108 1195 1467 1278 praedicta
1509 1193 1740 1270 tellus,
1786 1212 1994 1276 quam
2045 1212 2202 1275 ege,
2239 1212 2396 1259 cum
2439 1214 2782 1259 consensu

677 1296 1093 1378 optimatum
1148 1314 1481 1372 meorum,
1521 1292 1836 1377 praefato
1882 1294 2177 1375 largitus
2229 1314 2382 1359 sum
2427 1296 2782 1373 coenobie,

678 1396 767 1459 ab
828 1396 1015 1459 omni
1082 1402 1394 1459 terrenae
1450 1395 1810 1460 seruitutis
1867 1394 2036 1476 iugo
2093 1393 2336 1473 libera,
2389 1396 2610 1459 tribus
2673 1396 2780 1461 his

676 1496 1015 1578 exceptis,
1079 1503 1237 1561 rata
1291 1496 1614 1560 uidelicet
1675 1494 2140 1577 expeditione,
2205 1496 2439 1577 pontis
2509 1496 2778 1561 arcisue

676 1595 1203 1661 restauratione.
1328 1596 1405 1659 Si
1470 1596 1627 1679 quis
1691 1602 1923 1660 autem
1993 1595 2339 1660 lai-uarice
2409 1595 2778 1662 instinctus

676 1696 951 1779 spiritu,
1013 1696 1145 1761 hoc
1210 1694 1467 1761 donum
1524 1695 1792 1760 uiolare
1852 1695 2308 1760 immutareue
2357 1715 2778 1778 praesump-

677 1803 921 1862 tuosus
966 1796 1435 1878 temptauerit,
1469 1796 1606 1860 nisi
1648 1795 1862 1877 digna
1903 1795 2382 1860 satisfactione
2424 1806 2586 1861 ante
2631 1799 2776 1860 obi·

676 1902 824 1960 tum
884 1916 1086 1961 sunm
1147 1916 1308 1959 reus
1364 1896 1810 1979 poenituerit,
1876 1896 2176 1961 aeternis
2251 1896 2558 1961 barathri
2618 1916 2776 1979 pro-

676 2004 943 2060 stratus
988 1996 1323 2061 incendiis
1366 2014 1521 2061 cum
1568 1996 1750 2061 Iuda
1781 1995 2043 2061 Christi
2073 1996 2423 2078 proditore
2463 2003 2779 2061 aeterna-

672 2096 835 2162 liter
860 2096 1173 2178 lugubris
1197 2097 1550 2179 puniatur.
1612 2096 1921 2161 Termini
1950 2115 2116 2162 uero
2140 2096 2350 2161 huius
2369 2096 2530 2161 libri
2549 2098 2778 2163 iacent

673 2197 747 2262 in
818 2196 995 2262 libro
1074 2196 1422 2262 Ciuenlea.
1554 2194 1762 2262 Anno
1831 2196 2215 2261 dominicae
2287 2197 2780 2263 incarnationis

678 2312 1125 2361 .Dcccc.1.XV.
1172 2298 1435 2380 scripta
1476 2304 1588 2363 est
1629 2295 1802 2361 haec
1845 2304 2064 2373 carta,
2106 2296 2215 2361 his
2269 2298 2564 2378 testibus
2613 2318 2778 2363 con·

673 2398 1127 2463 sentientibus
1161 2417 1453 2480 quornm
1485 2397 1772 2462 inferius
1807 2398 2086 2461 nomina
2114 2404 2558 2463 caraxantur.

771 2501 851 2581 ›1‹
900 2497 1054 2582 Ego
1120 2497 1266 2563 Ead
1274 2517 1401 2582 gar
1460 2517 1589 2563 rex
1652 2496 2042 2581 Anglorum
2107 2499 2490 2581 praefatam
2564 2496 2775 2564 dona-

670 2599 931 2666 tionem
992 2599 1318 2664 concessi.
1451 2602 1532 2682 ›1‹
1604 2597 1758 2681 Ego
1823 2599 2148 2663 Dnnstan
2219 2599 2778 2684 archiepiscopus

672 2718 828 2764 cum
906 2701 1110 2782 signo
1174 2701 1373 2782 agiae
1434 2699 1658 2764 crucis
1718 2699 2061 2764 roboraui.
2197 2701 2277 2781 »Β
2319 2698 2472 2783 Ego
2525 2699 2775 2766 AE’sel·

672 2801 882 2865 uuold
938 2801 1305 2884 episcopus
1362 2796 1792 2882 consignaui.
1925 2801 2002 2881 ›1‹
2057 2799 2212 2881 Ego
2264 2800 2574 2865 AElfstan
2630 2802 2774 2885 epi-

670 2919 924 2985 scopus
988 2900 1337 2983 adquieui.
1473 2903 1550 2982 ›1‹
1611 2899 1768 2982 Ego
1843 2898 2056 2963 Osulf
2115 2899 2480 2983 episcopus
2548 2920 2777 2966 corro-

669 3001 937 3065 boraui.
1062 3003 1139 3082 ›1‹
1199 3000 1351 3081 Ego
1416 3000 1737 3064 AElfhere
1797 2999 1967 3063 dux.
2090 3001 2171 3081 ›1‹
2224 3000 2378 3082 Ego
2437 3001 2775 3066 AElfheah

669 3099 836 3164 dux,
953 3101 1030 3181 ᾧ
1076 3100 1228 3180 Ego
1267 3099 1684 3165 AEiseluuine
1732 3099 1900 3164 dux,
2015 3101 2095 3181 »Β
2146 3098 2300 3182 Ego
2347 3101 2560 3166 Oslac
2601 3103 2772 3166 dux.

680 3201 757 3280 ›1‹
806 3199 960 3280 Ego
995 3199 1361 3282 Byrhtno’6
1392 3200 1562 3266 dux.
1676 3199 1931 3282 fflEgo
1960 3199 2303 3284 AEscuuig
2331 3202 2568 3267 abbas.
2682 3203 2762 3286 >1⁴

670 3298 825 3380 Ego
858 3299 1090 3380 Osgar
1129 3301 1364 3364 abbas.
1467 3301 1544 3381 ›1‹
1588 3299 1743 3381 Ego
1794 3299 2102 3365 AElsstan
2145 3302 2380 3368 abbas.
2492 3304 2572 3384 »Β
2621 3302 2772 3384 Ego

667 3398 1020 3464 Brihtfern
1082 3401 1413 3465 minister.
1528 3401 1606 3481 >1⁴
1663 3400 1816 3483 Ego
1871 3400 2172 3482 AElfsige
2236 3403 2571 3467 minister.
2683 3406 2763 3486 »Β

667 3498 823 3582 Ego
866 3500 1275 3564 AElsuueard
1322 3501 1651 3565 minister.
1778 3503 1858 3583 »Β
1912 3500 2066 3582 Ego
2120 3502 2590 3568 AE’6eluueard
2649 3505 2776 3567 mi-

666 3600 905 3666 nister.
1050 3602 1127 3682 ›1⁴
1190 3600 1344 3682 Ego
1390 3601 1723 3666 Uulfstan
1781 3601 2117 3666 minister.
2232 3604 2309 3684 ›1‹
2361 3604 2516 3686 Ego
2573 3603 2773 3669 Leos-

666 3701 873 3765 unine
924 3699 1255 3764 minister.
1357 3702 1437 3782 ›1‹
1504 3701 1659 3782 Ego
1711 3702 1962 3765 AElfric
2011 3702 2350 3770 minister.
2461 3705 2548 3790 »Β
2617 3705 2771 3787 Ego

666 3799 1018 3882 AEiSelsige
1048 3800 1377 3866 minister.
1465 3801 1552 3886 »Β
1589 3800 1744 3882 Ego
1773 3801 2239 3867 AEbeluueard
2265 3803 2596 3869 minister.
2679 3806 2766 3891 »Β

663 3899 819 3982 Ego
856 3899 1106 3964 AElfric
1138 3900 1471 3965 minister.
1573 3903 1653 3980 »Β
1687 3901 1838 3984 Ego
1869 3902 2234 3968 Eadunine
2275 3905 2608 3969 minister.
2678 3906 2765 3991 »Β

661 3999 817 4082 Ego
849 4000 1097 4065 AElfric
1126 4001 1461 4066 minister.
1557 4002 1645 4087 »Β
1684 4002 1838 4085 Ego
1871 4002 2211 4086 Uulfgeat
2243 4005 2573 4070 minister.
