<?xml version="1.0" encoding="UTF-8"?>
<!DOCTYPE html PUBLIC "-//W3C//DTD XHTML 1.0 Transitional//EN"
    "http://www.w3.org/TR/xhtml1/DTD/xhtml1-transitional.dtd">
<html xmlns="http://www.w3.org/1999/xhtml" xml:lang="en" lang="en">
 <head>
  <title>
</title>
<meta http-equiv="Content-Type" content="text/html;charset=utf-8" />
  <meta name='ocr-system' content='tesseract 3.04.00' />
  <meta name='ocr-capabilities' content='ocr_page ocr_carea ocr_par ocr_line ocrx_word'/>
</head>
<body>
  <div class='ocr_page' id='page_1' title='image "./codexdiplomatic11unkngoog_0063.png"; bbox 0 0 3119 5026; ppageno 0'>
   <div class='ocr_carea' id='block_1_1' title="bbox 856 412 2457 493">
    <p class='ocr_par' dir='ltr' id='par_1_1' title="bbox 856 412 2457 493">
     <span class='ocr_line' id='line_1_1' title="bbox 856 412 2457 493; baseline 0.001 -4"><span class='ocrx_word' id='word_1_1' title='bbox 856 442 1201 490; x_wconf 69' lang='lat' dir='ltr'><strong>ann&#39;rAss</strong></span> <span class='ocrx_word' id='word_1_2' title='bbox 1255 412 1494 491; x_wconf 61' lang='lat' dir='ltr'><strong>Auem</strong></span> <span class='ocrx_word' id='word_1_3' title='bbox 1507 443 1950 493; x_wconf 69' lang='lat' dir='ltr'><strong>SAxochn.</strong></span> <span class='ocrx_word' id='word_1_4' title='bbox 2374 430 2457 493; x_wconf 77' lang='lat'><strong>21</strong></span> 
     </span>
    </p>
   </div>
   <div class='ocr_carea' id='block_1_2' title="bbox 296 599 2454 4314">
    <p class='ocr_par' dir='ltr' id='par_1_2' title="bbox 296 599 2454 4314">
     <span class='ocr_line' id='line_1_2' title="bbox 331 599 2454 687; baseline 0.004 -28"><span class='ocrx_word' id='word_1_5' title='bbox 331 610 622 661; x_wconf 90' lang='lat' dir='ltr'><strong>neorum</strong></span> <span class='ocrx_word' id='word_1_6' title='bbox 655 599 1000 682; x_wconf 76' lang='lat' dir='ltr'><strong>quispiam</strong></span> <span class='ocrx_word' id='word_1_7' title='bbox 1035 601 1398 683; x_wconf 85' lang='lat' dir='ltr'><strong>tyrannica</strong></span> <span class='ocrx_word' id='word_1_8' title='bbox 1427 601 1647 666; x_wconf 87' lang='lat' dir='ltr'><strong>fretus</strong></span> <span class='ocrx_word' id='word_1_9' title='bbox 1678 604 2120 669; x_wconf 80' lang='lat' dir='ltr'>contumacia</span> <span class='ocrx_word' id='word_1_10' title='bbox 2148 606 2219 668; x_wconf 91' lang='lat' dir='ltr'><strong>in</strong></span> <span class='ocrx_word' id='word_1_11' title='bbox 2254 610 2454 687; x_wconf 85' lang='lat' dir='ltr'><strong>prae-</strong></span> 
     </span>
     <span class='ocr_line' id='line_1_3' title="bbox 331 697 2454 788; baseline 0.005 -29"><span class='ocrx_word' id='word_1_12' title='bbox 331 697 529 763; x_wconf 90' lang='lat' dir='ltr'><strong>dicto</strong></span> <span class='ocrx_word' id='word_1_13' title='bbox 587 701 1005 765; x_wconf 90' lang='lat' dir='ltr'><strong>monasterio</strong></span> <span class='ocrx_word' id='word_1_14' title='bbox 1067 701 1176 765; x_wconf 90' lang='lat' dir='ltr'><strong>ius</strong></span> <span class='ocrx_word' id='word_1_15' title='bbox 1253 702 1593 784; x_wconf 83' lang='lat' dir='ltr'><strong>arripiens</strong></span> <span class='ocrx_word' id='word_1_16' title='bbox 1664 712 1989 769; x_wconf 79' lang='lat' dir='ltr'><strong>exerceat</strong></span> <span class='ocrx_word' id='word_1_17' title='bbox 2060 706 2454 788; x_wconf 89' lang='lat' dir='ltr'><strong>potestatis,</strong></span> 
     </span>
     <span class='ocr_line' id='line_1_4' title="bbox 330 798 2449 888; baseline 0.004 -27"><span class='ocrx_word' id='word_1_18' title='bbox 330 798 459 861; x_wconf 89' lang='lat' dir='ltr'><strong>sed</strong></span> <span class='ocrx_word' id='word_1_19' title='bbox 517 800 819 865; x_wconf 89' lang='lat' dir='ltr'><strong>eiusdem</strong></span> <span class='ocrx_word' id='word_1_20' title='bbox 877 802 1188 866; x_wconf 90' lang='lat' dir='ltr'><strong>coenobii</strong></span> <span class='ocrx_word' id='word_1_21' title='bbox 1240 802 1609 885; x_wconf 84' lang='lat' dir='ltr'><strong>collegium</strong></span> <span class='ocrx_word' id='word_1_22' title='bbox 1675 813 2053 888; x_wconf 81' lang='lat' dir='ltr'><strong>perpetuae</strong></span> <span class='ocrx_word' id='word_1_23' title='bbox 2114 814 2193 871; x_wconf 90' lang='lat' dir='ltr'><strong>ut</strong></span> <span class='ocrx_word' id='word_1_24' title='bbox 2248 826 2449 888; x_wconf 87' lang='lat' dir='ltr'><strong>prae·</strong></span> 
     </span>
     <span class='ocr_line' id='line_1_5' title="bbox 327 898 2449 991; baseline 0.005 -30"><span class='ocrx_word' id='word_1_25' title='bbox 327 898 486 962; x_wconf 82' lang='lat' dir='ltr'><strong>dixi</strong></span> <span class='ocrx_word' id='word_1_26' title='bbox 516 900 858 966; x_wconf 83' lang='lat' dir='ltr'><strong>libertatis</strong></span> <span class='ocrx_word' id='word_1_27' title='bbox 905 902 1240 984; x_wconf 82' lang='lat' dir='ltr'><strong>glorietur</strong></span> <span class='ocrx_word' id='word_1_28' title='bbox 1287 904 1677 987; x_wconf 88' lang='lat' dir='ltr'><strong>priuilegio.</strong></span> <span class='ocrx_word' id='word_1_29' title='bbox 1806 906 1914 969; x_wconf 90' lang='lat' dir='ltr'><strong>Sit</strong></span> <span class='ocrx_word' id='word_1_30' title='bbox 1968 913 2203 971; x_wconf 82' lang='lat' dir='ltr'><strong>autem</strong></span> <span class='ocrx_word' id='word_1_31' title='bbox 2253 927 2449 991; x_wconf 85' lang='lat' dir='ltr'><strong>prae-</strong></span> 
     </span>
     <span class='ocr_line' id='line_1_6' title="bbox 325 999 2444 1073; baseline 0.005 -11"><span class='ocrx_word' id='word_1_32' title='bbox 325 999 556 1063; x_wconf 86' lang='lat' dir='ltr'><strong>fatum</strong></span> <span class='ocrx_word' id='word_1_33' title='bbox 629 1004 1120 1068; x_wconf 88' lang='lat' dir='ltr'><strong>monasterium</strong></span> <span class='ocrx_word' id='word_1_34' title='bbox 1172 1005 1358 1069; x_wconf 92' lang='lat' dir='ltr'><strong>omni</strong></span> <span class='ocrx_word' id='word_1_35' title='bbox 1415 1013 1728 1070; x_wconf 86' lang='lat' dir='ltr'><strong>terrenae</strong></span> <span class='ocrx_word' id='word_1_36' title='bbox 1782 1008 2143 1072; x_wconf 88' lang='lat' dir='ltr'><strong>seruitutis</strong></span> <span class='ocrx_word' id='word_1_37' title='bbox 2204 1009 2444 1073; x_wconf 91' lang='lat' dir='ltr'><strong>eodem</strong></span> 
     </span>
     <span class='ocr_line' id='line_1_7' title="bbox 325 1103 2443 1188; baseline 0.004 -23"><span class='ocrx_word' id='word_1_38' title='bbox 325 1110 570 1165; x_wconf 88' lang='lat' dir='ltr'><strong>tenore</strong></span> <span class='ocrx_word' id='word_1_39' title='bbox 623 1103 936 1180; x_wconf 85' lang='lat' dir='ltr'><strong>liberum,</strong></span> <span class='ocrx_word' id='word_1_40' title='bbox 983 1123 1124 1186; x_wconf 91' lang='lat' dir='ltr'><strong>quo</strong></span> <span class='ocrx_word' id='word_1_41' title='bbox 1183 1125 1228 1170; x_wconf 88' lang='lat' dir='ltr'><strong>a</strong></span> <span class='ocrx_word' id='word_1_42' title='bbox 1283 1106 1838 1188; x_wconf 86' lang='lat' dir='ltr'><strong>praecessoribus</strong></span> <span class='ocrx_word' id='word_1_43' title='bbox 1891 1109 2149 1172; x_wconf 86' lang='lat' dir='ltr'><strong>nostris</strong></span> <span class='ocrx_word' id='word_1_44' title='bbox 2201 1109 2443 1174; x_wconf 90' lang='lat' dir='ltr'><strong>catho-</strong></span> 
     </span>
     <span class='ocr_line' id='line_1_8' title="bbox 325 1200 2445 1292; baseline 0.005 -28"><span class='ocrx_word' id='word_1_45' title='bbox 325 1200 512 1279; x_wconf 87' lang='lat' dir='ltr'><strong>licis,</strong></span> <span class='ocrx_word' id='word_1_46' title='bbox 547 1223 590 1266; x_wconf 92' lang='lat' dir='ltr'><strong>a</strong></span> <span class='ocrx_word' id='word_1_47' title='bbox 635 1213 880 1269; x_wconf 89' lang='lat' dir='ltr'><strong>sancto</strong></span> <span class='ocrx_word' id='word_1_48' title='bbox 923 1204 1157 1269; x_wconf 89' lang='lat' dir='ltr'><strong>Leone</strong></span> <span class='ocrx_word' id='word_1_49' title='bbox 1187 1206 1510 1271; x_wconf 88' lang='lat' dir='ltr'><strong>uidelicet</strong></span> <span class='ocrx_word' id='word_1_50' title='bbox 1542 1226 1754 1290; x_wconf 89' lang='lat' dir='ltr'><strong>papa,</strong></span> <span class='ocrx_word' id='word_1_51' title='bbox 1789 1215 1861 1272; x_wconf 92' lang='lat' dir='ltr'><strong>et</strong></span> <span class='ocrx_word' id='word_1_52' title='bbox 1900 1207 2239 1273; x_wconf 88' lang='lat' dir='ltr'><strong>Coenulfo</strong></span> <span class='ocrx_word' id='word_1_53' title='bbox 2280 1230 2445 1292; x_wconf 89' lang='lat' dir='ltr'><strong>rege</strong></span> 
     </span>
     <span class='ocr_line' id='line_1_9' title="bbox 323 1302 2442 1391; baseline 0.005 -27"><span class='ocrx_word' id='word_1_54' title='bbox 323 1302 698 1381; x_wconf 83' lang='lat' dir='ltr'><strong>catholice,</strong></span> <span class='ocrx_word' id='word_1_55' title='bbox 724 1312 1003 1370; x_wconf 90' lang='lat' dir='ltr'><strong>uetusto</strong></span> <span class='ocrx_word' id='word_1_56' title='bbox 1037 1307 1431 1371; x_wconf 82' lang='lat' dir='ltr'><strong>continetur</strong></span> <span class='ocrx_word' id='word_1_57' title='bbox 1459 1309 1827 1391; x_wconf 90' lang='lat' dir='ltr'><strong>priuilegio</strong></span> <span class='ocrx_word' id='word_1_58' title='bbox 1860 1308 2159 1375; x_wconf 70' lang='lat' dir='ltr'><strong>Re’6uno</strong></span> <span class='ocrx_word' id='word_1_59' title='bbox 2190 1311 2442 1375; x_wconf 90' lang='lat' dir='ltr'><strong>abbate</strong></span> 
     </span>
     <span class='ocr_line' id='line_1_10' title="bbox 323 1403 2439 1492; baseline 0.004 -26"><span class='ocrx_word' id='word_1_60' title='bbox 323 1403 690 1469; x_wconf 88' lang='lat' dir='ltr'><strong>obtinente</strong></span> <span class='ocrx_word' id='word_1_61' title='bbox 733 1406 1074 1481; x_wconf 89' lang='lat' dir='ltr'><strong>solutum;</strong></span> <span class='ocrx_word' id='word_1_62' title='bbox 1131 1408 1282 1490; x_wconf 85' lang='lat' dir='ltr'><strong>agri</strong></span> <span class='ocrx_word' id='word_1_63' title='bbox 1339 1408 1654 1490; x_wconf 89' lang='lat' dir='ltr'><strong>equidem</strong></span> <span class='ocrx_word' id='word_1_64' title='bbox 1706 1410 1891 1492; x_wconf 91' lang='lat' dir='ltr'><strong>[qui]</strong></span> <span class='ocrx_word' id='word_1_65' title='bbox 1946 1410 2035 1473; x_wconf 88' lang='lat' dir='ltr'><strong>ad</strong></span> <span class='ocrx_word' id='word_1_66' title='bbox 2086 1429 2253 1474; x_wconf 89' lang='lat' dir='ltr'><strong>usus</strong></span> <span class='ocrx_word' id='word_1_67' title='bbox 2298 1432 2439 1475; x_wconf 88' lang='lat' dir='ltr'><strong>mo·</strong></span> 
     </span>
     <span class='ocr_line' id='line_1_11' title="bbox 321 1503 2438 1593; baseline 0.004 -27"><span class='ocrx_word' id='word_1_68' title='bbox 321 1503 708 1569; x_wconf 89' lang='lat' dir='ltr'><strong>nachorum</strong></span> <span class='ocrx_word' id='word_1_69' title='bbox 744 1506 1022 1571; x_wconf 91' lang='lat' dir='ltr'><strong>domino</strong></span> <span class='ocrx_word' id='word_1_70' title='bbox 1062 1516 1302 1573; x_wconf 89' lang='lat' dir='ltr'><strong>nostro</strong></span> <span class='ocrx_word' id='word_1_71' title='bbox 1337 1508 1548 1573; x_wconf 88' lang='lat' dir='ltr'><strong>Ihesu</strong></span> <span class='ocrx_word' id='word_1_72' title='bbox 1586 1508 1867 1574; x_wconf 89' lang='lat' dir='ltr'><strong>Christo</strong></span> <span class='ocrx_word' id='word_1_73' title='bbox 1911 1510 2197 1593; x_wconf 90' lang='lat' dir='ltr'><strong>eiusque</strong></span> <span class='ocrx_word' id='word_1_74' title='bbox 2247 1512 2438 1592; x_wconf 86' lang='lat' dir='ltr'><strong>geni—</strong></span> 
     </span>
     <span class='ocr_line' id='line_1_12' title="bbox 317 1604 2439 1692; baseline 0.003 -24"><span class='ocrx_word' id='word_1_75' title='bbox 317 1604 489 1668; x_wconf 88' lang='lat' dir='ltr'><strong>trici</strong></span> <span class='ocrx_word' id='word_1_76' title='bbox 524 1604 794 1671; x_wconf 89' lang='lat' dir='ltr'><strong>Mariae</strong></span> <span class='ocrx_word' id='word_1_77' title='bbox 825 1608 1070 1689; x_wconf 90' lang='lat' dir='ltr'><strong>priscis</strong></span> <span class='ocrx_word' id='word_1_78' title='bbox 1105 1609 1586 1692; x_wconf 88' lang='lat' dir='ltr'><strong>modernisque</strong></span> <span class='ocrx_word' id='word_1_79' title='bbox 1620 1610 2042 1692; x_wconf 86' lang='lat' dir='ltr'><strong>temporibus</strong></span> <span class='ocrx_word' id='word_1_80' title='bbox 2082 1630 2126 1675; x_wconf 91' lang='lat' dir='ltr'><strong>a</strong></span> <span class='ocrx_word' id='word_1_81' title='bbox 2159 1611 2439 1692; x_wconf 87' lang='lat' dir='ltr'><strong>regibus</strong></span> 
     </span>
     <span class='ocr_line' id='line_1_13' title="bbox 318 1706 2436 1793; baseline 0.004 -26"><span class='ocrx_word' id='word_1_82' title='bbox 318 1712 400 1767; x_wconf 91' lang='lat' dir='ltr'><strong>et</strong></span> <span class='ocrx_word' id='word_1_83' title='bbox 441 1706 783 1789; x_wconf 85' lang='lat' dir='ltr'><strong>religiosis</strong></span> <span class='ocrx_word' id='word_1_84' title='bbox 828 1708 1189 1792; x_wconf 87' lang='lat' dir='ltr'><strong>utriusque</strong></span> <span class='ocrx_word' id='word_1_85' title='bbox 1235 1728 1448 1775; x_wconf 83' lang='lat' dir='ltr'><strong>sexus</strong></span> <span class='ocrx_word' id='word_1_86' title='bbox 1496 1710 1909 1787; x_wconf 75' lang='lat' dir='ltr'><strong>hominibuS‚</strong></span> <span class='ocrx_word' id='word_1_87' title='bbox 1962 1717 2032 1775; x_wconf 89' lang='lat' dir='ltr'><strong>et</strong></span> <span class='ocrx_word' id='word_1_88' title='bbox 2082 1730 2125 1775; x_wconf 86' lang='lat' dir='ltr'><strong>a</strong></span> <span class='ocrx_word' id='word_1_89' title='bbox 2173 1712 2436 1793; x_wconf 90' lang='lat' dir='ltr'><strong>meipso</strong></span> 
     </span>
     <span class='ocr_line' id='line_1_14' title="bbox 317 1809 2435 1893; baseline 0.004 -25"><span class='ocrx_word' id='word_1_90' title='bbox 317 1824 618 1889; x_wconf 90' lang='lat' dir='ltr'><strong>meoque</strong></span> <span class='ocrx_word' id='word_1_91' title='bbox 669 1816 922 1890; x_wconf 90' lang='lat' dir='ltr'><strong>patruo</strong></span> <span class='ocrx_word' id='word_1_92' title='bbox 959 1809 1278 1874; x_wconf 89' lang='lat' dir='ltr'><strong>Eadredo</strong></span> <span class='ocrx_word' id='word_1_93' title='bbox 1340 1830 1502 1893; x_wconf 88' lang='lat' dir='ltr'><strong>rege</strong></span> <span class='ocrx_word' id='word_1_94' title='bbox 1547 1810 1946 1875; x_wconf 89' lang='lat' dir='ltr'><strong>fidelissimo</strong></span> <span class='ocrx_word' id='word_1_95' title='bbox 2008 1812 2435 1877; x_wconf 87' lang='lat' dir='ltr'><strong>restituendo</strong></span> 
     </span>
     <span class='ocr_line' id='line_1_15' title="bbox 317 1906 2439 1994; baseline 0.003 -25"><span class='ocrx_word' id='word_1_96' title='bbox 317 1906 478 1970; x_wconf 89' lang='lat' dir='ltr'><strong>iure</strong></span> <span class='ocrx_word' id='word_1_97' title='bbox 527 1910 838 1974; x_wconf 90' lang='lat' dir='ltr'><strong>concessi</strong></span> <span class='ocrx_word' id='word_1_98' title='bbox 895 1918 1082 1988; x_wconf 89' lang='lat' dir='ltr'><strong>sunt,</strong></span> <span class='ocrx_word' id='word_1_99' title='bbox 1133 1911 1437 1975; x_wconf 90' lang='lat' dir='ltr'><strong>eiusdem</strong></span> <span class='ocrx_word' id='word_1_100' title='bbox 1495 1912 1991 1994; x_wconf 87' lang='lat' dir='ltr'><strong>perpetualiter</strong></span> <span class='ocrx_word' id='word_1_101' title='bbox 2044 1912 2185 1975; x_wconf 87' lang='lat' dir='ltr'><strong>sint</strong></span> <span class='ocrx_word' id='word_1_102' title='bbox 2239 1912 2439 1977; x_wconf 91' lang='lat' dir='ltr'><strong>liber-</strong></span> 
     </span>
     <span class='ocr_line' id='line_1_16' title="bbox 317 2008 2435 2095; baseline 0.003 -25"><span class='ocrx_word' id='word_1_103' title='bbox 317 2008 544 2072; x_wconf 55' lang='lat' dir='ltr'><strong>tatis·</strong></span> <span class='ocrx_word' id='word_1_104' title='bbox 598 2008 786 2074; x_wconf 91' lang='lat' dir='ltr'><strong>Nam</strong></span> <span class='ocrx_word' id='word_1_105' title='bbox 819 2014 945 2075; x_wconf 81' lang='lat' dir='ltr'><strong>r&#39;ex</strong></span> <span class='ocrx_word' id='word_1_106' title='bbox 969 2011 1346 2095; x_wconf 77' lang='lat' dir='ltr'><strong>praefatuS,</strong></span> <span class='ocrx_word' id='word_1_107' title='bbox 1371 2032 1492 2075; x_wconf 87' lang='lat' dir='ltr'><strong>rus</strong></span> <span class='ocrx_word' id='word_1_108' title='bbox 1524 2012 1709 2095; x_wconf 93' lang='lat' dir='ltr'><strong>quod</strong></span> <span class='ocrx_word' id='word_1_109' title='bbox 1743 2009 2135 2076; x_wconf 84' lang='lat' dir='ltr'><strong>Abbendun</strong></span> <span class='ocrx_word' id='word_1_110' title='bbox 2173 2032 2435 2077; x_wconf 89' lang='lat' dir='ltr'><strong>nuncu-</strong></span> 
     </span>
     <span class='ocr_line' id='line_1_17' title="bbox 311 2111 2430 2196; baseline 0.004 -25"><span class='ocrx_word' id='word_1_111' title='bbox 311 2115 551 2189; x_wconf 88' lang='lat' dir='ltr'><strong>patur,</strong></span> <span class='ocrx_word' id='word_1_112' title='bbox 569 2111 755 2193; x_wconf 93' lang='lat' dir='ltr'><strong>quod</strong></span> <span class='ocrx_word' id='word_1_113' title='bbox 786 2132 908 2175; x_wconf 84' lang='lat' dir='ltr'><strong>rex</strong></span> <span class='ocrx_word' id='word_1_114' title='bbox 934 2111 1306 2177; x_wconf 88' lang='lat' dir='ltr'><strong>Ceadwala</strong></span> <span class='ocrx_word' id='word_1_115' title='bbox 1335 2112 1616 2177; x_wconf 89' lang='lat' dir='ltr'><strong>domino</strong></span> <span class='ocrx_word' id='word_1_116' title='bbox 1646 2120 1883 2177; x_wconf 87' lang='lat' dir='ltr'><strong>nostro</strong></span> <span class='ocrx_word' id='word_1_117' title='bbox 1917 2113 2204 2196; x_wconf 90' lang='lat' dir='ltr'><strong>eiusque</strong></span> <span class='ocrx_word' id='word_1_118' title='bbox 2233 2116 2430 2195; x_wconf 86' lang='lat' dir='ltr'><strong>geni-</strong></span> 
     </span>
     <span class='ocr_line' id='line_1_18' title="bbox 315 2208 2433 2296; baseline 0.004 -25"><span class='ocrx_word' id='word_1_119' title='bbox 315 2208 481 2272; x_wconf 90' lang='lat' dir='ltr'><strong>trici</strong></span> <span class='ocrx_word' id='word_1_120' title='bbox 533 2210 805 2275; x_wconf 89' lang='lat' dir='ltr'><strong>Mariae</strong></span> <span class='ocrx_word' id='word_1_121' title='bbox 856 2212 1098 2296; x_wconf 88' lang='lat' dir='ltr'><strong>priscis</strong></span> <span class='ocrx_word' id='word_1_122' title='bbox 1160 2214 1584 2295; x_wconf 89' lang='lat' dir='ltr'><strong>temporibus</strong></span> <span class='ocrx_word' id='word_1_123' title='bbox 1668 2212 1923 2278; x_wconf 90' lang='lat' dir='ltr'><strong>deuoto</strong></span> <span class='ocrx_word' id='word_1_124' title='bbox 1996 2221 2433 2279; x_wconf 87' lang='lat' dir='ltr'><strong>concesserat</strong></span> 
     </span>
     <span class='ocr_line' id='line_1_19' title="bbox 313 2310 2430 2398; baseline 0.003 -25"><span class='ocrx_word' id='word_1_125' title='bbox 313 2310 578 2387; x_wconf 83' lang='lat' dir='ltr'><strong>anime,</strong></span> <span class='ocrx_word' id='word_1_126' title='bbox 612 2312 684 2375; x_wconf 88' lang='lat' dir='ltr'><strong>in</strong></span> <span class='ocrx_word' id='word_1_127' title='bbox 717 2332 855 2395; x_wconf 93' lang='lat' dir='ltr'><strong>quo</strong></span> <span class='ocrx_word' id='word_1_128' title='bbox 903 2313 1466 2396; x_wconf 87' lang='lat' dir='ltr'><strong>praedecessores</strong></span> <span class='ocrx_word' id='word_1_129' title='bbox 1498 2315 1739 2391; x_wconf 89' lang='lat' dir='ltr'><strong>nostri,</strong></span> <span class='ocrx_word' id='word_1_130' title='bbox 1772 2314 2115 2378; x_wconf 80' lang='lat' dir='ltr'><strong>diabolica</strong></span> <span class='ocrx_word' id='word_1_131' title='bbox 2158 2314 2430 2398; x_wconf 89' lang='lat' dir='ltr'><strong>decepti</strong></span> 
     </span>
     <span class='ocr_line' id='line_1_20' title="bbox 313 2412 2427 2496; baseline 0.002 -22"><span class='ocrx_word' id='word_1_132' title='bbox 313 2412 644 2489; x_wconf 88' lang='lat' dir='ltr'><strong>auaritia,</strong></span> <span class='ocrx_word' id='word_1_133' title='bbox 678 2414 1063 2478; x_wconf 88' lang='lat' dir='ltr'><strong>aedificium</strong></span> <span class='ocrx_word' id='word_1_134' title='bbox 1109 2414 1345 2496; x_wconf 81' lang='lat' dir='ltr'><strong>regale</strong></span> <span class='ocrx_word' id='word_1_135' title='bbox 1385 2415 1516 2479; x_wconf 88' lang='lat' dir='ltr'><strong>sibi</strong></span> <span class='ocrx_word' id='word_1_136' title='bbox 1567 2416 1825 2480; x_wconf 90' lang='lat' dir='ltr'><strong>iniuste</strong></span> <span class='ocrx_word' id='word_1_137' title='bbox 1864 2422 2427 2494; x_wconf 85' lang='lat' dir='ltr'><strong>construxerant,</strong></span> 
     </span>
     <span class='ocr_line' id='line_1_21' title="bbox 311 2512 2428 2599; baseline 0.003 -22"><span class='ocrx_word' id='word_1_138' title='bbox 311 2512 696 2578; x_wconf 89' lang='lat' dir='ltr'><strong>aecclesiae</strong></span> <span class='ocrx_word' id='word_1_139' title='bbox 725 2515 836 2579; x_wconf 91' lang='lat' dir='ltr'><strong>dei</strong></span> <span class='ocrx_word' id='word_1_140' title='bbox 864 2517 1257 2594; x_wconf 72' lang='lat' dir='ltr'><strong>restituem,</strong></span> <span class='ocrx_word' id='word_1_141' title='bbox 1274 2517 1634 2583; x_wconf 82' lang='lat' dir='ltr'><strong>interdixit</strong></span> <span class='ocrx_word' id='word_1_142' title='bbox 1665 2525 1745 2582; x_wconf 93' lang='lat' dir='ltr'><strong>ut</strong></span> <span class='ocrx_word' id='word_1_143' title='bbox 1766 2537 2007 2599; x_wconf 89' lang='lat' dir='ltr'><strong>regum</strong></span> <span class='ocrx_word' id='word_1_144' title='bbox 2034 2534 2233 2582; x_wconf 88' lang='lat' dir='ltr'><strong>nemo</strong></span> <span class='ocrx_word' id='word_1_145' title='bbox 2263 2518 2428 2583; x_wconf 91' lang='lat' dir='ltr'><strong>inibi</strong></span> 
     </span>
     <span class='ocr_line' id='line_1_22' title="bbox 309 2616 2427 2700; baseline 0.002 -22"><span class='ocrx_word' id='word_1_146' title='bbox 309 2622 593 2696; x_wconf 87' lang='lat' dir='ltr'><strong>pastum</strong></span> <span class='ocrx_word' id='word_1_147' title='bbox 629 2616 1028 2698; x_wconf 89' lang='lat' dir='ltr'><strong>requireret,</strong></span> <span class='ocrx_word' id='word_1_148' title='bbox 1060 2637 1187 2682; x_wconf 91' lang='lat' dir='ltr'><strong>nec</strong></span> <span class='ocrx_word' id='word_1_149' title='bbox 1217 2617 1605 2682; x_wconf 88' lang='lat' dir='ltr'><strong>aedificium</strong></span> <span class='ocrx_word' id='word_1_150' title='bbox 1640 2618 1713 2682; x_wconf 90' lang='lat' dir='ltr'><strong>in</strong></span> <span class='ocrx_word' id='word_1_151' title='bbox 1746 2618 2239 2700; x_wconf 87' lang='lat' dir='ltr'><strong>sempiternum</strong></span> <span class='ocrx_word' id='word_1_152' title='bbox 2266 2638 2427 2682; x_wconf 88' lang='lat' dir='ltr'><strong>con·</strong></span> 
     </span>
     <span class='ocr_line' id='line_1_23' title="bbox 309 2717 2427 2802; baseline 0.003 -24"><span class='ocrx_word' id='word_1_153' title='bbox 309 2721 662 2793; x_wconf 88' lang='lat' dir='ltr'><strong>strueret;</strong></span> <span class='ocrx_word' id='word_1_154' title='bbox 709 2717 896 2800; x_wconf 92' lang='lat' dir='ltr'><strong>quod</strong></span> <span class='ocrx_word' id='word_1_155' title='bbox 939 2738 1069 2801; x_wconf 91' lang='lat' dir='ltr'><strong>ego</strong></span> <span class='ocrx_word' id='word_1_156' title='bbox 1120 2718 1416 2802; x_wconf 87' lang='lat' dir='ltr'><strong>Eadwig</strong></span> <span class='ocrx_word' id='word_1_157' title='bbox 1447 2718 1836 2800; x_wconf 87' lang='lat' dir='ltr'><strong>Anglorum</strong></span> <span class='ocrx_word' id='word_1_158' title='bbox 1876 2718 2202 2796; x_wconf 81' lang='lat' dir='ltr'><strong>basileuS,</strong></span> <span class='ocrx_word' id='word_1_159' title='bbox 2252 2721 2427 2801; x_wconf 80' lang='lat' dir='ltr'><strong>opti-</strong></span> 
     </span>
     <span class='ocr_line' id='line_1_24' title="bbox 309 2819 2424 2902; baseline 0.001 -23"><span class='ocrx_word' id='word_1_160' title='bbox 309 2823 576 2881; x_wconf 88' lang='lat' dir='ltr'><strong>matum</strong></span> <span class='ocrx_word' id='word_1_161' title='bbox 608 2837 914 2882; x_wconf 88' lang='lat' dir='ltr'><strong>meorum</strong></span> <span class='ocrx_word' id='word_1_162' title='bbox 955 2839 1120 2884; x_wconf 90' lang='lat' dir='ltr'><strong>usus</strong></span> <span class='ocrx_word' id='word_1_163' title='bbox 1155 2819 1470 2897; x_wconf 89' lang='lat' dir='ltr'><strong>consilio,</strong></span> <span class='ocrx_word' id='word_1_164' title='bbox 1505 2826 1650 2884; x_wconf 90' lang='lat' dir='ltr'><strong>tam</strong></span> <span class='ocrx_word' id='word_1_165' title='bbox 1680 2820 1850 2884; x_wconf 88' lang='lat' dir='ltr'><strong>meis</strong></span> <span class='ocrx_word' id='word_1_166' title='bbox 1884 2837 2087 2902; x_wconf 90' lang='lat' dir='ltr'><strong>quam</strong></span> <span class='ocrx_word' id='word_1_167' title='bbox 2119 2839 2424 2883; x_wconf 91' lang='lat' dir='ltr'><strong>meorum</strong></span> 
     </span>
     <span class='ocr_line' id='line_1_25' title="bbox 306 2920 2427 3003; baseline 0.002 -23"><span class='ocrx_word' id='word_1_168' title='bbox 306 2935 790 2983; x_wconf 89' lang='lat' dir='ltr'><strong>successorum</strong></span> <span class='ocrx_word' id='word_1_169' title='bbox 851 2921 1274 3003; x_wconf 85' lang='lat' dir='ltr'><strong>temporibus</strong></span> <span class='ocrx_word' id='word_1_170' title='bbox 1340 2920 1559 2984; x_wconf 89' lang='lat' dir='ltr'><strong>fixum</strong></span> <span class='ocrx_word' id='word_1_171' title='bbox 1614 2922 1687 2985; x_wconf 91' lang='lat' dir='ltr'><strong>in</strong></span> <span class='ocrx_word' id='word_1_172' title='bbox 1740 2920 2013 2985; x_wconf 86' lang='lat' dir='ltr'><strong>nomine</strong></span> <span class='ocrx_word' id='word_1_173' title='bbox 2074 2921 2294 3002; x_wconf 85' lang='lat' dir='ltr'><strong>patris</strong></span> <span class='ocrx_word' id='word_1_174' title='bbox 2355 2928 2427 2985; x_wconf 92' lang='lat' dir='ltr'><strong>et</strong></span> 
     </span>
     <span class='ocr_line' id='line_1_26' title="bbox 309 3016 2425 3105; baseline 0.002 -26"><span class='ocrx_word' id='word_1_175' title='bbox 309 3016 439 3080; x_wconf 85' lang='lat' dir='ltr'><strong>filii</strong></span> <span class='ocrx_word' id='word_1_176' title='bbox 478 3026 548 3083; x_wconf 92' lang='lat' dir='ltr'><strong>et</strong></span> <span class='ocrx_word' id='word_1_177' title='bbox 587 3020 874 3102; x_wconf 82' lang='lat' dir='ltr'><strong>spiritus</strong></span> <span class='ocrx_word' id='word_1_178' title='bbox 917 3022 1144 3086; x_wconf 86' lang='lat' dir='ltr'><strong>sancti</strong></span> <span class='ocrx_word' id='word_1_179' title='bbox 1172 3021 1321 3085; x_wconf 87' lang='lat' dir='ltr'><strong>fieri</strong></span> <span class='ocrx_word' id='word_1_180' title='bbox 1353 3022 1426 3084; x_wconf 90' lang='lat' dir='ltr'><strong>in</strong></span> <span class='ocrx_word' id='word_1_181' title='bbox 1470 3028 1828 3086; x_wconf 88' lang='lat' dir='ltr'><strong>aeternum</strong></span> <span class='ocrx_word' id='word_1_182' title='bbox 1866 3021 2242 3105; x_wconf 82' lang='lat' dir='ltr'><strong>praecipio.</strong></span> <span class='ocrx_word' id='word_1_183' title='bbox 2347 3019 2425 3084; x_wconf 90' lang='lat' dir='ltr'><strong>Si</strong></span> 
     </span>
     <span class='ocr_line' id='line_1_27' title="bbox 307 3119 2425 3206; baseline 0.002 -24"><span class='ocrx_word' id='word_1_184' title='bbox 307 3119 472 3200; x_wconf 88' lang='lat' dir='ltr'><strong>quis</strong></span> <span class='ocrx_word' id='word_1_185' title='bbox 543 3140 710 3184; x_wconf 91' lang='lat' dir='ltr'><strong>uero</strong></span> <span class='ocrx_word' id='word_1_186' title='bbox 778 3128 920 3185; x_wconf 90' lang='lat' dir='ltr'><strong>tam</strong></span> <span class='ocrx_word' id='word_1_187' title='bbox 999 3122 1502 3205; x_wconf 81' lang='lat' dir='ltr'><strong>epilempticuS,</strong></span> <span class='ocrx_word' id='word_1_188' title='bbox 1553 3121 2023 3206; x_wconf 85' lang='lat' dir='ltr'><strong>philargyriae</strong></span> <span class='ocrx_word' id='word_1_189' title='bbox 2096 3121 2425 3187; x_wconf 88' lang='lat' dir='ltr'><strong>seductus</strong></span> 
     </span>
     <span class='ocr_line' id='line_1_28' title="bbox 307 3220 2423 3305; baseline 0.002 -23"><span class='ocrx_word' id='word_1_190' title='bbox 307 3220 642 3298; x_wconf 86' lang='lat' dir='ltr'><strong>amentia,</strong></span> <span class='ocrx_word' id='word_1_191' title='bbox 690 3221 874 3304; x_wconf 89' lang='lat' dir='ltr'><strong>quod</strong></span> <span class='ocrx_word' id='word_1_192' title='bbox 953 3232 1100 3287; x_wconf 75' lang='lat' dir='ltr'><strong>non·</strong></span> <span class='ocrx_word' id='word_1_193' title='bbox 1154 3230 1501 3305; x_wconf 76' lang='lat' dir='ltr'><strong>optamuS,</strong></span> <span class='ocrx_word' id='word_1_194' title='bbox 1564 3222 1742 3286; x_wconf 89' lang='lat' dir='ltr'><strong>hane</strong></span> <span class='ocrx_word' id='word_1_195' title='bbox 1805 3230 2085 3286; x_wconf 85' lang='lat' dir='ltr'><strong>nostrae</strong></span> <span class='ocrx_word' id='word_1_196' title='bbox 2152 3222 2423 3286; x_wconf 90' lang='lat' dir='ltr'><strong>munifi-</strong></span> 
     </span>
     <span class='ocr_line' id='line_1_29' title="bbox 305 3321 2425 3405; baseline 0.001 -21"><span class='ocrx_word' id='word_1_197' title='bbox 305 3321 580 3384; x_wconf 91' lang='lat' dir='ltr'><strong>centiae</strong></span> <span class='ocrx_word' id='word_1_198' title='bbox 600 3377 606 3382; x_wconf 90' lang='lat'><em>.</em></span> <span class='ocrx_word' id='word_1_199' title='bbox 625 3321 1092 3405; x_wconf 83' lang='lat' dir='ltr'><strong>dapsilitatem</strong></span> <span class='ocrx_word' id='word_1_200' title='bbox 1136 3342 1312 3388; x_wconf 90' lang='lat' dir='ltr'><strong>ausu</strong></span> <span class='ocrx_word' id='word_1_201' title='bbox 1348 3324 1712 3389; x_wconf 88' lang='lat' dir='ltr'><strong>temerario</strong></span> <span class='ocrx_word' id='word_1_202' title='bbox 1750 3322 2123 3404; x_wconf 86' lang='lat' dir='ltr'><strong>infringere</strong></span> <span class='ocrx_word' id='word_1_203' title='bbox 2172 3330 2425 3405; x_wconf 87' lang='lat' dir='ltr'><strong>tempt-</strong></span> 
     </span>
     <span class='ocr_line' id='line_1_30' title="bbox 305 3421 2423 3505; baseline 0.001 -21"><span class='ocrx_word' id='word_1_204' title='bbox 305 3422 559 3499; x_wconf 87' lang='lat' dir='ltr'><strong>auerit,</strong></span> <span class='ocrx_word' id='word_1_205' title='bbox 589 3423 682 3487; x_wconf 89' lang='lat' dir='ltr'><strong>sit</strong></span> <span class='ocrx_word' id='word_1_206' title='bbox 727 3422 875 3505; x_wconf 90' lang='lat' dir='ltr'><strong>ipse</strong></span> <span class='ocrx_word' id='word_1_207' title='bbox 911 3423 1252 3489; x_wconf 90' lang='lat' dir='ltr'><strong>alienatus</strong></span> <span class='ocrx_word' id='word_1_208' title='bbox 1304 3444 1347 3488; x_wconf 99' lang='lat' dir='ltr'><strong>a</strong></span> <span class='ocrx_word' id='word_1_209' title='bbox 1401 3424 1757 3489; x_wconf 90' lang='lat' dir='ltr'><strong>consortio</strong></span> <span class='ocrx_word' id='word_1_210' title='bbox 1796 3434 2077 3488; x_wconf 83' lang='lat' dir='ltr'><strong>sanctae</strong></span> <span class='ocrx_word' id='word_1_211' title='bbox 2112 3421 2222 3485; x_wconf 91' lang='lat' dir='ltr'><strong>dei</strong></span> <span class='ocrx_word' id='word_1_212' title='bbox 2269 3443 2423 3487; x_wconf 90' lang='lat' dir='ltr'><strong>aec-</strong></span> 
     </span>
     <span class='ocr_line' id='line_1_31' title="bbox 304 3519 2423 3609; baseline 0 -24"><span class='ocrx_word' id='word_1_213' title='bbox 304 3522 586 3600; x_wconf 83' lang='lat' dir='ltr'><strong>clesiae,</strong></span> <span class='ocrx_word' id='word_1_214' title='bbox 632 3543 898 3588; x_wconf 88' lang='lat' dir='ltr'><strong>necnon</strong></span> <span class='ocrx_word' id='word_1_215' title='bbox 972 3533 1042 3589; x_wconf 92' lang='lat' dir='ltr'><strong>et</strong></span> <span class='ocrx_word' id='word_1_216' title='bbox 1095 3544 1139 3589; x_wconf 89' lang='lat' dir='ltr'><strong>a</strong></span> <span class='ocrx_word' id='word_1_217' title='bbox 1193 3519 1726 3609; x_wconf 75' lang='lat' dir='ltr'><strong>participatione</strong></span> <span class='ocrx_word' id='word_1_218' title='bbox 1781 3523 2203 3589; x_wconf 86' lang='lat' dir='ltr'><strong>sacrosancti</strong></span> <span class='ocrx_word' id='word_1_219' title='bbox 2272 3543 2423 3587; x_wconf 90' lang='lat' dir='ltr'><strong>cor-</strong></span> 
     </span>
     <span class='ocr_line' id='line_1_32' title="bbox 303 3624 2420 3708; baseline 0 -22"><span class='ocrx_word' id='word_1_220' title='bbox 303 3624 498 3706; x_wconf 91' lang='lat' dir='ltr'><strong>poris</strong></span> <span class='ocrx_word' id='word_1_221' title='bbox 557 3630 630 3689; x_wconf 93' lang='lat' dir='ltr'><strong>et</strong></span> <span class='ocrx_word' id='word_1_222' title='bbox 683 3625 1046 3706; x_wconf 88' lang='lat' dir='ltr'><strong>sanguinis</strong></span> <span class='ocrx_word' id='word_1_223' title='bbox 1099 3624 1310 3690; x_wconf 88' lang='lat' dir='ltr'><strong>Ihesu</strong></span> <span class='ocrx_word' id='word_1_224' title='bbox 1352 3625 1614 3690; x_wconf 89' lang='lat' dir='ltr'><strong>Christi</strong></span> <span class='ocrx_word' id='word_1_225' title='bbox 1666 3625 1789 3689; x_wconf 87' lang='lat' dir='ltr'><strong>filii</strong></span> <span class='ocrx_word' id='word_1_226' title='bbox 1847 3624 1981 3701; x_wconf 91' lang='lat' dir='ltr'><strong>dei,</strong></span> <span class='ocrx_word' id='word_1_227' title='bbox 2037 3643 2160 3708; x_wconf 90' lang='lat' dir='ltr'><strong>per</strong></span> <span class='ocrx_word' id='word_1_228' title='bbox 2214 3643 2420 3707; x_wconf 90' lang='lat' dir='ltr'><strong>quem</strong></span> 
     </span>
     <span class='ocr_line' id='line_1_33' title="bbox 303 3722 2420 3809; baseline -0.001 -19"><span class='ocrx_word' id='word_1_229' title='bbox 303 3733 498 3790; x_wconf 90' lang='lat' dir='ltr'><strong>totus</strong></span> <span class='ocrx_word' id='word_1_230' title='bbox 553 3732 893 3790; x_wconf 91' lang='lat' dir='ltr'><strong>terrarum</strong></span> <span class='ocrx_word' id='word_1_231' title='bbox 942 3727 1128 3791; x_wconf 89' lang='lat' dir='ltr'><strong>orbis</strong></span> <span class='ocrx_word' id='word_1_232' title='bbox 1173 3728 1262 3791; x_wconf 88' lang='lat' dir='ltr'><strong>ab</strong></span> <span class='ocrx_word' id='word_1_233' title='bbox 1311 3722 1623 3809; x_wconf 79' lang='lat' dir='ltr'><strong>antiquo·&#39;</strong></span> <span class='ocrx_word' id='word_1_234' title='bbox 1657 3725 1939 3790; x_wconf 90' lang='lat' dir='ltr'><strong>humani</strong></span> <span class='ocrx_word' id='word_1_235' title='bbox 1989 3723 2259 3806; x_wconf 90' lang='lat' dir='ltr'><strong>generis</strong></span> <span class='ocrx_word' id='word_1_236' title='bbox 2288 3723 2420 3788; x_wconf 88' lang='lat' dir='ltr'><strong>ini-</strong></span> 
     </span>
     <span class='ocr_line' id='line_1_34' title="bbox 301 3824 2421 3906; baseline 0 -16"><span class='ocrx_word' id='word_1_237' title='bbox 301 3826 484 3890; x_wconf 90' lang='lat' dir='ltr'><strong>mico</strong></span> <span class='ocrx_word' id='word_1_238' title='bbox 547 3825 882 3890; x_wconf 86' lang='lat' dir='ltr'><strong>liberatus</strong></span> <span class='ocrx_word' id='word_1_239' title='bbox 939 3835 1088 3902; x_wconf 90' lang='lat' dir='ltr'><strong>est;</strong></span> <span class='ocrx_word' id='word_1_240' title='bbox 1150 3835 1221 3893; x_wconf 93' lang='lat' dir='ltr'><strong>et</strong></span> <span class='ocrx_word' id='word_1_241' title='bbox 1274 3847 1431 3891; x_wconf 92' lang='lat' dir='ltr'><strong>cum</strong></span> <span class='ocrx_word' id='word_1_242' title='bbox 1494 3826 1677 3891; x_wconf 90' lang='lat' dir='ltr'><strong>Iuda</strong></span> <span class='ocrx_word' id='word_1_243' title='bbox 1748 3825 2007 3890; x_wconf 86' lang='lat' dir='ltr'><strong>Christi</strong></span> <span class='ocrx_word' id='word_1_244' title='bbox 2069 3824 2421 3906; x_wconf 90' lang='lat' dir='ltr'><strong>proditore</strong></span> 
     </span>
     <span class='ocr_line' id='line_1_35' title="bbox 299 3925 2420 4018; baseline 0 -28"><span class='ocrx_word' id='word_1_245' title='bbox 299 3927 585 3992; x_wconf 91' lang='lat' dir='ltr'><strong>sinistra</strong></span> <span class='ocrx_word' id='word_1_246' title='bbox 627 3927 700 3990; x_wconf 87' lang='lat' dir='ltr'><strong>in</strong></span> <span class='ocrx_word' id='word_1_247' title='bbox 744 3934 940 4010; x_wconf 90' lang='lat' dir='ltr'><strong>parte</strong></span> <span class='ocrx_word' id='word_1_248' title='bbox 974 3927 1372 4011; x_wconf 88' lang='lat' dir='ltr'><strong>deputatus,</strong></span> <span class='ocrx_word' id='word_1_249' title='bbox 1413 3927 1546 3991; x_wconf 89' lang='lat' dir='ltr'><strong>nisi</strong></span> <span class='ocrx_word' id='word_1_250' title='bbox 1592 3928 1783 4011; x_wconf 93' lang='lat' dir='ltr'><strong>prius</strong></span> <span class='ocrx_word' id='word_1_251' title='bbox 1820 3926 1930 4018; x_wconf 86' lang='lat' dir='ltr'><strong>hic</strong></span> <span class='ocrx_word' id='word_1_252' title='bbox 1971 3925 2183 4008; x_wconf 87' lang='lat' dir='ltr'><strong>digna</strong></span> <span class='ocrx_word' id='word_1_253' title='bbox 2213 3925 2420 3990; x_wconf 89' lang='lat' dir='ltr'><strong>satis-</strong></span> 
     </span>
     <span class='ocr_line' id='line_1_36' title="bbox 300 4027 2420 4112; baseline -0 -20"><span class='ocrx_word' id='word_1_254' title='bbox 300 4027 608 4092; x_wconf 87' lang='lat' dir='ltr'><strong>factione</strong></span> <span class='ocrx_word' id='word_1_255' title='bbox 654 4027 933 4092; x_wconf 89' lang='lat' dir='ltr'><strong>humilis</strong></span> <span class='ocrx_word' id='word_1_256' title='bbox 976 4029 1397 4112; x_wconf 88' lang='lat' dir='ltr'><strong>poenituerit</strong></span> <span class='ocrx_word' id='word_1_257' title='bbox 1436 4028 1621 4112; x_wconf 89' lang='lat' dir='ltr'><strong>quod</strong></span> <span class='ocrx_word' id='word_1_258' title='bbox 1663 4035 1904 4093; x_wconf 89' lang='lat' dir='ltr'><strong>contra</strong></span> <span class='ocrx_word' id='word_1_259' title='bbox 1946 4035 2259 4090; x_wconf 89' lang='lat' dir='ltr'><strong>sanctam</strong></span> <span class='ocrx_word' id='word_1_260' title='bbox 2308 4027 2420 4091; x_wconf 92' lang='lat' dir='ltr'><strong>dei</strong></span> 
     </span>
     <span class='ocr_line' id='line_1_37' title="bbox 296 4125 2418 4213; baseline -0.002 -20"><span class='ocrx_word' id='word_1_261' title='bbox 296 4129 713 4194; x_wconf 87' lang='lat' dir='ltr'><strong>aecclesiam</strong></span> <span class='ocrx_word' id='word_1_262' title='bbox 763 4129 1039 4194; x_wconf 88' lang='lat' dir='ltr'><strong>rebellis</strong></span> <span class='ocrx_word' id='word_1_263' title='bbox 1085 4150 1292 4212; x_wconf 81' lang='lat' dir='ltr'><strong>agere</strong></span> <span class='ocrx_word' id='word_1_264' title='bbox 1327 4129 1814 4213; x_wconf 89' lang='lat' dir='ltr'><strong>praesumpsit,</strong></span> <span class='ocrx_word' id='word_1_265' title='bbox 1852 4147 1978 4192; x_wconf 89' lang='lat' dir='ltr'><strong>nec</strong></span> <span class='ocrx_word' id='word_1_266' title='bbox 2009 4129 2078 4191; x_wconf 91' lang='lat' dir='ltr'><strong>in</strong></span> <span class='ocrx_word' id='word_1_267' title='bbox 2112 4125 2260 4190; x_wconf 87' lang='lat' dir='ltr'><strong>uita</strong></span> <span class='ocrx_word' id='word_1_268' title='bbox 2289 4126 2418 4190; x_wconf 89' lang='lat' dir='ltr'><strong>hac</strong></span> 
     </span>
     <span class='ocr_line' id='line_1_38' title="bbox 298 4230 2419 4314; baseline -0.002 -20"><span class='ocrx_word' id='word_1_269' title='bbox 298 4232 610 4314; x_wconf 89' lang='lat' dir='ltr'><strong>practica</strong></span> <span class='ocrx_word' id='word_1_270' title='bbox 664 4231 964 4307; x_wconf 83' lang='lat' dir='ltr'><strong>ueniam,</strong></span> <span class='ocrx_word' id='word_1_271' title='bbox 1031 4251 1154 4296; x_wconf 87' lang='lat' dir='ltr'><strong>nec</strong></span> <span class='ocrx_word' id='word_1_272' title='bbox 1218 4233 1292 4295; x_wconf 93' lang='lat' dir='ltr'><strong>in</strong></span> <span class='ocrx_word' id='word_1_273' title='bbox 1347 4231 1658 4295; x_wconf 87' lang='lat' dir='ltr'><strong>theorica</strong></span> <span class='ocrx_word' id='word_1_274' title='bbox 1718 4230 2037 4312; x_wconf 85' lang='lat' dir='ltr'><strong>requie&#39;m‘</strong></span> <span class='ocrx_word' id='word_1_275' title='bbox 2096 4234 2419 4311; x_wconf 88' lang='lat' dir='ltr'><strong>apostata</strong></span> 
     </span>
    </p>
   </div>
  </div>
 </body>
</html>
