3119 5026
843 457 1191 507 cmm-An
1239 457 1934 512 ancnosaxochss.
2353 444 2446 508 35

310 615 413 680 sie
447 614 760 681 ascaden
788 616 969 681 fram
994 615 1197 682 Gode
1222 604 1361 682 and
1396 617 1575 681 fram
1607 617 1862 684 eallum
1891 617 2000 682 his
2019 605 2438 700 gecorenun‚

313 707 541 783 biitan
576 716 669 782 he
702 716 816 782 hit
840 737 949 782 me
984 709 1289 784 dssmli'ce
1322 707 1600 802 gebfi‘zte
1633 707 1736 784 ἓν
1763 718 1875 783 his
1903 719 2124 784 aende.

1101 1009 1682 1084 mccxxxn.

1056 1131 1501 1246 Elimia,
1544 1165 1697 1233 961.

428 1318 511 1400 ›1‹
554 1316 653 1381 IN
698 1317 979 1382 nomine
1014 1317 1273 1384 domini
1308 1309 1531 1384 nostri
1569 1318 1783 1384 Ibesu
1819 1317 2124 1384 Christi!
2233 1317 2433 1386 Licet

310 1417 506 1482 enim
536 1417 821 1483 decreta
850 1418 1251 1502 pontificum
1280 1426 1353 1483 et
1384 1420 1602 1484 uerba
1631 1420 2067 1486 sacerdotum
2102 1421 2205 1485 uti
2240 1440 2435 1486 mon-

314 1519 499 1584 tium
530 1517 983 1586 fundamenta
1002 1519 1415 1585 indistrictis
1448 1520 1892 1602 ligaminibus
1925 1521 2238 1586 stabilita
2268 1523 2433 1599 sint,

318 1628 557 1686 tamen
610 1620 1015 1704 plerumque
1062 1621 1596 1704 tempestatibus
1637 1628 1710 1686 et
1751 1622 2145 1687 turbinibus
2197 1641 2429 1686 rerum

318 1719 832 1786 mundanarum
864 1721 1077 1786 etiam
1123 1715 1367 1804 religio
1406 1728 1694 1787 sanctae
1731 1722 1844 1786 dei
1882 1721 2262 1787 aecclesiae
2289 1742 2436 1787 ma-

318 1819 497 1886 culis
562 1823 1011 1905 reproborum
1078 1821 1457 1905 dissipatur
1516 1841 1602 1886 ac
1657 1822 2020 1905 frangitur.
2126 1822 2432 1906 Ideoque

317 1923 755 2004 incognitum
794 1922 1188 1988 futurorum
1228 1929 1622 2006 temporum
1669 1930 1934 1988 statum
1987 1923 2432 2006 prouidentes

316 2023 624 2108 posteris
660 2021 1187 2090 succedentibus
1230 2022 1613 2107 proficuum
1658 2043 1810 2088 esse
1851 2023 2307 2103 decreuimm,
2351 2031 2432 2088 ut

318 2145 403 2190 ea
432 2143 621 2208 quae
662 2125 1005 2191 communi
1038 2123 1495 2201 meditationi,
1526 2123 1788 2189 salubri
1833 2115 2148 2202 consilio,
2193 2125 2430 2190 defini—

316 2233 534 2290 untur
594 2226 805 2290 sertis
869 2224 1195 2289 litterulis
1258 2224 1638 2290 firmentur.
1763 2223 2233 2304 Quamobrem
2297 2246 2430 2309 ego

318 2326 609 2408 Eadgar
636 2329 767 2390 re'x
800 2323 1187 2407 Anglorum
1219 2325 1494 2389 cuidam
1522 2324 1842 2390 ministro
1871 2327 1992 2409 qui
2023 2345 2067 2389 a
2091 2328 2431 2408 gnosticis

317 2427 536 2495 nobili
568 2427 915 2512 Byrnsige
952 2424 1347 2510 appellatur
1378 2425 1744 2504 uocabulo,
1778 2426 2124 2508 quandam
2161 2426 2430 2493 telluris

316 2529 736 2615 particulam
771 2546 867 2596 Ν.
894 2527 1221 2592 uidelicet
1238 2533 1582 2605 cassatos,
1607 2527 1731 2593 illo
1755 2526 1830 2590 in
1856 2528 2014 2594 loco
2041 2528 2160 2593 ubi
2185 2548 2229 2592 a
2253 2530 2429 2593 ruri-

316 2632 491 2697 colis
537 2637 636 2695 aet
678 2628 1159 2695 Eblesburnan
1202 2634 1648 2711 nuncupatur
1683 2629 2051 2706 uocabulo,
2093 2637 2430 2715 perpetua

316 2733 621 2815 largitus
682 2751 837 2796 sum
882 2728 1342 2806 haereditate,
1394 2734 1474 2795 ut
1525 2729 1700 2811 ipse,
1749 2729 1901 2794 uita
1953 2729 2226 2805 comite,
2271 2750 2428 2794 cum

319 2834 645 2900 omnibus
674 2830 1087 2897 utensilibus
1120 2830 1271 2894 uoti
1294 2848 1576 2912 compos
1610 2829 1907 2905 habeat3
1947 2836 2018 2894 et
2047 2837 2207 2911 post
2241 2830 2428 2894 uitae

314 2950 489 3000 suae
535 2933 905 2999 terminum
948 2932 1496 3016 quibuscumque
1538 2929 1844 2995 uoluerit
1870 2930 2278 2995 cleronomis
2320 2930 2428 2993 in-

314 3053 599 3103 munem
638 3034 1092 3116 derelinquat.
1196 3030 1306 3095 Sit
1352 3036 1588 3095 autem
1633 3030 2063 3114 praedictum
2091 3050 2212 3095 rus
2243 3032 2429 3095 omni

304 3146 639 3203 ,terrenae
686 3134 1046 3201 seruitutis
1076 3132 1243 3215 iugo
1276 3131 1592 3207 liberum,
1628 3130 1850 3194 tribus
1877 3131 2215 3215 exceptis,
2246 3138 2426 3210 rata,

314 3239 674 3315 uidelicet,
706 3234 1167 3320 expeditione,
1198 3233 1433 3315 pontis
1464 3231 1734 3297 arcisue
1753 3232 2280 3297 restauratione.
2352 3230 2429 3297 Si

316 3340 491 3425 quis'
530 3338 751 3421 igitur
788 3337 967 3402 hanc
1023 3341 1331 3412 nostram
1382 3332 1825 3397 donationem
1869 3331 1943 3395 in
1982 3328 2171 3397 aliud
2216 3352 2425 3415 quam

316 3438 805 3507 constituimus
873 3435 1247 3515 transferre
1311 3432 1634 3509 uoluerit,
1693 3432 2012 3515 priuatus
2079 3432 2427 3500 consortio

315 3548 609 3607 sanctae
642 3539 754 3603 dei
782 3536 1159 3604 aecclesiae
1182 3534 1481 3600 aeternis
1515 3532 1827 3598 barathri
1855 3532 2189 3599 incendiis
2221 3533 2426 3616 lugu-

316 3644 489 3721 bris,
523 3640 784 3723 iugiter
830 3658 985 3703 cum
1020 3633 1205 3702 Iuda
1236 3634 1497 3719 Christi
1536 3622 1890 3718 proditore
1919 3630 2204 3717 eiusque
2235 3654 2425 3699 com-

316 3744 621 3828 plicibus
687 3740 1041 3825 puniatur,
1106 3738 1171 3801 si
1226 3756 1365 3801 non
1426 3735 1912 3811 satisfactione.
1961 3733 2427 3800 emendauerit

316 3862 633 3928 congrua
655 3841 841 3926 quod
860 3846 1177 3905 nostrum
1205 3845 1451 3903 contra
1489 3835 1779 3919 deliquit
1811 3835 2182 3901 decretum.
2287 3824 2426 3901 His

315 3947 522 4012 metis
572 3941 962 4028 praefatum
1014 3958 1135 4004 rus
1188 3937 1302 4002 hic
1352 3936 1511 4002 inde
1562 3943 1874 4020 gyratur.
1958 3936 2090 4001 Dis
2124 3937 2301 4019 synd
2331 3941 2428 4003 lia

315 4034 767 4130 landgemere
793 4031 971 4109 ’Sara
1008 4058 1093 4105 ..v
1124 4030 1293 4105 luda
1323 4046 1417 4103 aet
1456 4038 1957 4103 Eblesburnan.
2063 4036 2301 4103 AErest
2335 4058 2427 4104 on

314 4155 495 4214 ’Sone
548 4145 801 4211 ealdan
850 4142 1108 4224 wi5i33
1172 4146 1402 4205 ’Sonne
1450 4137 1532 4203 of
1587 4125 1754 4203 ’6am
1805 4134 2051 4219 wibige
2107 4129 2424 4204 onbutan

312 4256 495 4314 Bone
540 4245 795 4313 ealdan
844 4232 1204 4308 hamstede
1258 4260 1349 4304 on
1393 4244 1488 4305 ’Sa
1536 4228 1854 4312 meddic;
1905 4238 2211 4320 andlang
2262 4230 2426 4303 ὕει-θ

2054 4363 2086 4397 n
2111 4354 2142 4397 2
