3119 5026
839 436 1184 486 CHARTAE
1229 435 1926 486 AnchosAxochn.
2291 422 2425 486 173

312 591 535 670 diens,
579 610 798 658 senex
841 602 912 660 et
953 596 1200 679 plenus
1227 596 1491 661 dierum
1521 597 1852 680 migrauit
1896 597 1983 661 ad
2020 596 2411 671 dominum;

312 693 497 775 quod
543 693 868 760 uidelicet
913 715 1150 762 omnes
1189 698 1554 781 utriusque
1598 698 1861 763 ordinis
1906 698 2279 782 optimates
2324 697 2415 761 ad

315 794 514 874 regni
578 795 1051 876 gubernacula
1115 796 1538 862 moderanda
1592 798 1886 862 -fratrem
1944 816 2174 862 meum
2235 797 2423 861 Ead-

315 893 657 958 uuardum
731 897 1148 962 unanimiter
1210 899 1589 980 elegerunt,
1663 899 1967 981 mihique
2042 906 2263 963 terras
2330 897 2418 963 ad

310 994 540 1074 regios
574 997 998 1076 pertinentes
1029 998 1206 1063 filios
1235 998 1308 1062 in
1334 1017 1524 1062 meos
1550 1017 1719 1062 usus
1746 998 2199 1063 tradiderunt.
2304 997 2417 1062 Ex

311 1094 564 1176 quibus
615 1096 880 1162 scilicet
925 1099 1128 1162 terris
1169 1099 1507 1181 quasdam
1558 1105 1761 1180 pater
1804 1117 1997 1163 meus
2044 1099 2207 1164 dum
2260 1117 2419 1180 reg-

312 1203 511 1258 naret
559 1198 1013 1280 omnipotenti
1076 1197 1360 1263 Christo
1417 1199 1703 1282 eiusque
1761 1198 2080 1281 genitrici
2136 1204 2421 1263 sanctae

314 1293 589 1360 Mariae
633 1295 719 1360 ad
765 1299 1257 1362 monasterium
1305 1287 1492 1381 quod
1537 1296 1934 1364 Abbandun
1984 1305 2424 1381 nuncupatur

312 1413 438 1477 pro
471 1395 944 1479 redemptione
979 1399 1248 1464 animae
1280 1417 1448 1465 suae
1483 1398 1843 1475 concessit,
1890 1398 2021 1464 hoc
2062 1407 2170 1463 est
2197 1397 2421 1464 Bede-

312 1495 570 1560 uuinde
611 1516 769 1562 cum
813 1499 1132 1563 omnibus
1173 1498 1262 1563 ad
1307 1517 1382 1563 se
1426 1499 1951 1581 pertinentibuS,
1983 1499 2421 1564 Hisseburna

313 1614 470 1660 cum
513 1597 857 1662 uniuersis
907 1599 1053 1662 suis
1103 1598 1621 1682 appendicibus»,
1676 1599 1997 1664 Burhbec
2042 1618 2420 1681 omnesque

314 1696 444 1760 sibi
470 1696 871 1763 adiacentes
899 1698 1236 1763 redditus.
1305 1698 1508 1778 Quae
1541 1700 1777 1763 statim
1807 1705 2035 1763 terrae
2068 1699 2271 1764 iuxta
2299 1698 2419 1763 de·

311 1805 578 1861 cretum
601 1805 674 1862 et
691 1799 1244 1882 praeceptionem
1267 1805 1665 1863 cunctorum
1686 1798 2093 1881 optimatum
2115 1799 2201 1864 de
2224 1817 2423 1883 prae-

311 1897 460 1961 fato
529 1906 772 1963 sancto
826 1900 1156 1963 coenobio
1211 1899 1550 1963 uiolenter
1610 1900 2028 1975 abstractae,
2090 1917 2423 1982 meaeque

312 1996 558 2062 ditioni
615 1997 879 2063 hisdem
931 1999 1515 2082 praecipientibus
1562 2006 1726 2063 suut
1780 2000 2150 2074 subactae;
2210 2019 2419 2082 quam

313 2115 454 2161 rem
506 2098 568 2161 si
615 2098 796 2163 iuste
846 2106 971 2164 aut
1015 2100 1270 2164 iniuste
1315 2099 1600 2164 fecerint
1642 2100 1774 2182 ipsi
1812 2099 2059 2164 sciant.
2151 2100 2421 2166 Deinde

317 2217 474 2261 cum
503 2198 718 2264 frater
738 2217 932 2263 meus
951 2198 1081 2264 hoc
1101 2217 1632 2283 aerumpnosum
1651 2199 1954 2264 deseruit
1977 2200 2328 2264 saeculum
2350 2209 2421 2266 et

315 2298 445 2362 sibi
481 2318 526 2362 a
555 2297 686 2364 deo
715 2299 1302 2382 praedestinatum
1337 2300 1645 2382 percepit
1671 2299 2197 2364 interminabilis
2227 2301 2421 2365 uitae

315 2399 875 2477 emolumentum,
905 2419 1037 2483 ego
1069 2407 1414 2464 annuente
1438 2399 1717 2464 Christo
1748 2408 1818 2465 et
1850 2399 2184 2481 regalium
2214 2400 2421 2466 simul

318 2506 386 2564 et
413 2499 502 2564 ad
534 2500 762 2583 regios
798 2500 974 2565 filios
1011 2501 1497 2584 pertinentium
1528 2506 1865 2567 terrarum
1896 2500 2170 2585 suscepi
2198 2500 2419 2566 domi-

318 2601 530 2664 nium.
635 2601 706 2667 N
709 2621 846 2666 unc
891 2610 1122 2665 autem
1153 2601 1318 2683 quia
1345 2600 1516 2665 mihi
1549 2601 1825 2665 uidetur
1854 2620 2005 2665 esse
2040 2601 2243 2666 ualde
2275 2622 2419 2667 mo-

312 2700 564 2765 lestum
628 2702 850 2785 patris
906 2703 1042 2766 mei
1100 2702 1450 2765 incurrere
1498 2711 1571 2766 et
1629 2708 1909 2785 portare
1948 2701 2417 2779 maledictum,

313 2802 674 2867 retinendo
702 2803 836 2866 hoc
869 2802 1052 2883 quod
1084 2801 1234 2886 ipse
1277 2821 1404 2885 pro
1435 2820 1603 2866 suae
1648 2802 1919 2865 animae
1951 2801 2421 2884 redemptione

315 2902 444 2966 deo
511 2902 810 2967 contulit
855 2902 1238 2980 donarium,
1308 2908 1378 2965 et
1445 2902 1611 2983 quia
1677 2901 1905 2983 gratia
1973 2900 2083 2965 dei
2156 2920 2266 2965 me
2330 2902 2417 2965 ad

313 3002 814 3086 intelligibilem
860 3002 1235 3085 perducere
1279 3002 1569 3083 dignata
1616 3008 1723 3066 est
1751 3008 2075 3079 aetatem,
2116 3000 2421 3084 mihique

313 3123 435 3186 per
463 3123 776 3169 meorum
801 3104 1215 3187 optimatum
1245 3102 1522 3167 decreta
1555 3100 1945 3167 affluentem
1974 3110 2044 3166 et
2070 3102 2420 3185 copiosam

313 3211 656 3269 terrarum
694 3202 950 3285 largita
977 3210 1086 3267 est
1131 3202 1540 3286 portionem,
1592 3202 1840 3267 iccirco
1872 3208 1941 3265 et
1980 3222 2112 3284 ego
2142 3222 2234 3266 ex
2262 3222 2420 3268 mea

315 3306 602 3388 propria
672 3303 1097 3368 haereditate
1171 3302 1556 3385 praefatum
1632 3310 1945 3367 sanctum
2012 3302 2419 3367 coenobium

313 3425 598 3469 munere
649 3422 958 3486 congruo
1004 3404 1340 3467 honorare
1392 3410 1464 3469 et
1515 3410 1859 3484 oportuna
1913 3402 2419 3483 possessionum

309 3506 686 3589 largitione
706 3503 928 3569 ditare
958 3503 1284 3587 dispon03
1324 3504 1622 3586 primum
1644 3522 1769 3586 pro
1805 3501 1913 3567 dei
1936 3502 2421 3584 omnipotentis

314 3608 602 3689 eiusque
647 3610 935 3670 sanctae
973 3604 1322 3687 genitricis
1353 3622 1608 3680 amore,
1645 3609 1724 3668 ut
1771 3601 1928 3684 ipsa
1974 3620 2101 3683 pro
2146 3621 2257 3666 me
2299 3603 2420 3684 pia

313 3706 780 3773 interuentrix
812 3723 966 3769 esse
993 3704 1322 3787 dignetur
1355 3704 1444 3768 ad
1473 3703 1827 3767 dominum
1849 3702 2052 3765 deum
2082 3707 2419 3780 nostrum,

309 3806 560 3880 deinde
609 3825 737 3889 pro
789 3805 1062 3868 animae
1108 3804 1439 3887 genitoris
1498 3804 1631 3867 mei
1667 3802 2059 3877 dilectione,
2090 3819 2420 3883 meaeque

313 3908 637 3992 propriae
685 3906 954 3970 animae
998 3912 1282 3969 aeterna
1332 3902 1819 3985 redemptione,
1864 3920 2133 3966 necnon
2180 3909 2250 3964 et
2294 3921 2423 3985 pro

313 4027 627 4073 meorum
691 4023 908 4071 causa
960 4004 1328 4069 liberorum
1384 4003 1506 4087 qui
1566 4002 1841 4067 easdem
1895 4000 2241 4084 praefatas
2292 4003 2423 4066 sibi

316 4109 666 4174 attrahere
735 4124 1046 4188 suaeque
1111 4103 1354 4168 ditioni
1412 4104 1723 4185 cogitant
1788 4100 2121 4166 subiicere
2181 4108 2423 4166 terras.

319 4209 627 4275 Nomina
691 4225 863 4271 uero
926 4211 1264 4270 terrarum
1335 4223 1512 4288 quas
1580 4202 1671 4267 ad
1739 4201 2124 4284 praefatum
2188 4201 2429 4267 libenti
