3119 5026
623 424 756 490 208
1126 442 1469 492 crum-ss
1517 440 2213 493 Anemssxomon.

625 602 1104 678 monetarium,
1139 600 1352 665 filium
1391 601 1687 667 AElfredi
1734 601 1997 667 Manne
2040 621 2236 677 sune,
2258 610 2331 666 et
2366 600 2739 683 AE’Selgiue

623 709 694 766 et
716 702 1166 767 Dunstanum
1187 702 1409 767 filium
1430 703 1604 781 eius,
1628 703 1715 767 de
1738 702 2055 768 domibus
2083 701 2418 786 praedicti
2448 701 2735 784 AElgodi

623 809 695 866 et
721 801 807 866 de
843 808 1029 866 terra
1063 822 1242 886 quae
1273 802 1360 867 ad
1395 802 1552 867 illas
1584 802 1825 868 domos
1857 803 2177 885 pertinet.
2272 800 2471 867 Haec
2498 809 2734 865 autem

621 908 730 965 est
762 902 1162 968 conuentio:
1208 902 1713 986 quinquaginta
1739 902 2001 967 solidos
2035 901 2393 985 praedicta
2416 902 2740 983 Eadgiua
2862 952 2867 955 .

622 1000 812 1067 dedit
856 1000 1135 1085 Algodo
1181 1022 1308 1086 pro
1353 1003 1668 1067 domibus
1698 1004 1843 1067 suis
1884 1010 1957 1068 et
2000 1008 2190 1067 terra
2218 1020 2398 1086 quae
2443 1002 2532 1067 ad
2574 1000 2735 1065 illas

622 1102 862 1167 domos
899 1101 1218 1186 pertinet.
1256 1110 1326 1168 et
1362 1103 1509 1186 ipse
1543 1102 1865 1185 Algodus
1906 1110 1975 1167 et
2011 1109 2163 1167 tota
2196 1103 2561 1186 progenies
2605 1120 2738 1166 sua

624 1201 711 1266 de
739 1202 862 1267 illa
891 1210 1076 1267 terra
1110 1203 1426 1268 omnibus
1461 1203 1682 1267 modis
1717 1212 1996 1281 exeant,
2026 1210 2098 1267 et
2126 1203 2282 1286 ipsa
2314 1202 2636 1283 Eadgiua
2664 1209 2740 1266 et

628 1302 1039 1367 Dunstanus
1069 1302 1251 1367 filius
1295 1305 1446 1367 eius
1489 1323 1576 1367 eo
1620 1303 1823 1367 modo
1866 1304 2235 1381 introeant,
2266 1310 2349 1367 ut
2391 1304 2493 1367 ita
2520 1302 2739 1367 libere

627 1410 697 1467 et
743 1402 976 1486 quiete
1017 1403 1257 1468 domos
1305 1410 1376 1469 et
1419 1413 1675 1469 terram
1722 1403 1914 1467 illam
1956 1403 2355 1485 possideant
2394 1404 2575 1467 sicut
2610 1400 2743 1467 Al-

626 1502 848 1583 godus
907 1502 1019 1567 uel
1088 1501 1544 1568 Haemannus
1602 1522 1908 1587 unquam
1964 1504 2208 1568 melius
2273 1504 2385 1567 uel
2449 1503 2737 1567 liberius

627 1603 1118 1685 possederunt:
1156 1612 1228 1669 et
1256 1604 1316 1667 si
1349 1603 1557 1668 alicui
1588 1624 1711 1668 seu
1743 1603 1908 1667 dare
1939 1604 2050 1667 uel
2082 1603 2379 1667 uendere
2408 1604 2739 1680 uoluerit,

626 1702 792 1768 dent
821 1703 937 1767 uel
980 1703 1282 1768 uendent
1329 1723 1414 1768 ea
1455 1705 1607 1768 siue
1644 1705 1713 1767 in
1758 1704 2089 1787 progenie
2132 1723 2255 1768 seu
2289 1710 2495 1768 extra
2537 1722 2739 1767 suam

627 1803 1066 1886 progeniem;
1109 1811 1178 1868 et
1219 1804 1513 1886 singulis
1543 1805 1745 1868 annis
1780 1804 1853 1867 in
1896 1804 2123 1868 medio
2166 1804 2741 1888 quadragesimae

627 1909 788 1969 octo
833 1903 1152 1968 denarios
1201 1923 1409 1987 super
1459 1904 1852 1988 sepulcrum
1904 1905 2127 1968 sancti
2189 1903 2562 1985 Augustini
2609 1923 2740 1985 po-

631 2010 823 2080 nant,
860 2004 1024 2085 quia
1072 2011 1256 2067 terra
1298 2005 1522 2068 saneti
1582 2002 1961 2087 Augustini
2010 2012 2118 2069 est
2156 2011 2230 2069 et
2269 2004 2341 2067 in
2390 2010 2744 2087 potestate

627 2110 890 2168 nostra.
985 2101 1218 2166 Huius
1261 2105 1743 2170 conuentionis
1788 2120 2077 2169 uel-aces
2130 2110 2347 2169 testes
2389 2111 2553 2169 sunt
2596 2103 2748 2181 isti,

629 2202 888 2269 Ernulf
912 2203 1126 2287 prior,
1163 2210 1292 2270 etc.

1395 2420 1969 2487 MCCCXLIX.

1346 2557 2014 2630 WULFKYTEL.

733 2705 814 2785 ›1‹
859 2702 933 2768 H
943 2720 1033 2769 na
1086 2704 1422 2790 επγῐοὶῶ
1475 2725 1565 2769 on
1615 2705 1726 2772 ’sis
1782 2703 2027 2770 writhe
2080 2695 2206 2768 ihii
2248 2709 2378 2769 ’δεῖ
2424 2701 2747 2770 Ulfketel

629 2799 791 2866 God
842 2795 983 2870 five
1031 2805 1168 2870 and
1219 2806 1402 2871 seint
1447 2793 1880 2870 E‘admunde.
1968 2809 2113 2869 Dat
2168 2804 2229 2869 is
2278 2803 2399 2870 fiat
2452 2804 2615 2868 lond
2667 2813 2749 2871 at

630 2900 1058 2987 Rikinghale
1097 2905 1234 2970 and
1267 2907 1336 2971 al
1378 2904 1496 2970 {Sat
1526 2895 1735 2971 56ηὸ
1781 2902 2014 2988 byn-eti,
2046 2903 2184 2969 and
2215 2905 2284 2969 al
2315 2903 2434 2970 {Sat
2466 2904 2629 2970 lond
2662 2913 2748 2971 at

632 2991 973 3082 Ruchfim,
1007 3006 1144 3069 and
1180 3009 1308 3071 zat
1337 3005 1500 3070 lond
1540 3011 1616 3071 at
1652 3005 1902 3088 Wlpit‚
1935 3002 2075 3069 and
2111 3003 2231 3070 Eat
2262 3005 2426 3070 lond
2460 3013 2535 3070 at
2581 3004 2751 3069 Hil-

627 3102 884 3182 dercle,
919 3104 1057 3168 and
1095 3111 1225 3171 ’6at
1267 3105 1431 3171 lond
1467 3112 1541 3171 at
1583 3104 2099 3187 Refaresvsorpe
2146 3098 2300 3172 also
2341 3106 2401 3170 it
2446 3105 2748 3171 stonden

632 3202 772 3266 mid
854 3210 1038 3269 mete
1125 3206 1262 3270 and
1341 3206 1480 3270 mid
1557 3225 1833 3285 manne,
1904 3204 2041 3270 and
2114 3205 2258 3269 mid
2341 3204 2513 3270 sake
2600 3206 2746 3271 and

633 3290 857 3367 solane
920 3293 1073 3370 also'
1132 3305 1198 3371 ic
1257 3307 1315 3371 it
1378 3294 1651 3371 fiuchte.
1770 3307 1859 3370 Se
1917 3311 2010 3371 ve
2074 3303 2178 3369 {Sis
2233 3295 2525 3371 awende
2580 3303 2748 3370 God

632 3402 990 3468 almichtin
1033 3395 1318 3471 ‘awende
1362 3406 1468 3472 his
1525 3396 1786 3471 ansene
1832 3426 1923 3471 on
1974 3393 2331 3471 d‘6mesdai
2365 3407 2540 3472 from
2575 3406 2750 3486 him,

632 3493 853 3568 bfiten
885 3505 972 3570 he
997 3493 1063 3570 'it
1100 3496 1181 3572 ἐι·
1213 3496 1342 3592 he‘r
1372 3505 1454 3572 oe
1487 3505 1724 3572 radere
1753 3497 1940 3572 be‘te.

1511 3753 1864 3822 MCCCL.

1406 3880 1451 3924 *
1498 3877 1947 3944 HARALD.

739 3999 818 4082 ›1‹
874 4001 1300 4068 HARALDUS
1340 4023 1467 4068 rex
1509 4006 1591 4086 ›1‹
1636 4003 1870 4068 Elrico
1908 4003 1994 4068 de
2043 4001 2513 4068 Lundressord
2561 4000 2755 4070 salu?

627 4100 917 4166 remittit
951 4103 1084 4166 sibi
1127 4105 1719 4185 transgressiones
1758 4097 1901 4168 fact
1938 4123 2065 4188 pro
2106 4102 2358 4167 comite
2400 4103 2751 4171 Godwine

627 4218 860 4264 coram
893 4202 1028 4267 diio
1059 4201 1127 4266 A
1163 4251 1400 4269 .....
