3119 5026
665 426 796 493 174
1219 442 1565 491 culinus
1612 440 2301 493 Anonosnxomoan.

663 602 892 666 animo
925 600 1230 666 concedo
1259 601 1754 667 monasterium
1784 600 1957 666 haec
1986 609 2171 667 sunt.
2252 598 2489 665 Unum
2510 596 2779 665 scilicet

663 703 846 784 apud
905 702 1411 778 Feornebeorh,
1459 702 1756 768 alterum
1800 701 1984 785 apud
2018 699 2589 775 Wilmaleahtun,
2638 706 2781 763 ter-

663 802 836 867 tium
893 803 1076 885 apud
1143 802 1392 885 Cyme.
1498 803 1657 867 Has
1714 810 2053 867 terrarum
2110 802 2465 884 portiones
2528 798 2781 865 AElfric

665 910 1126 985 cognomento
1181 902 1368 968 Puer
1409 922 1450 967 a
1493 903 1796 986 quadam
1828 902 2043 968 uidua
2086 901 2377 969 Eadfled
2422 898 2781 983 appellata

665 1003 998 1068 uiolenter
1040 1004 1404 1080 abstraxit,
1441 1022 1523 1068 ac
1556 1002 1801 1069 deinde
1844 1022 2005 1069 eum
2046 1002 2119 1069 in
2148 1002 2405 1069 ducatu
2448 1020 2577 1065 suo
2608 1020 2777 1065 con-

661 1110 772 1168 tra
807 1123 916 1168 me
959 1111 1030 1169 et
1063 1111 1308 1169 contra
1342 1124 1611 1169 omnem
1656 1110 1934 1186 gentem
1966 1122 2192 1169 meam
2226 1122 2387 1167 reus
2418 1102 2777 1177 existeret,

661 1211 732 1268 et
762 1204 894 1269 hae
925 1223 1101 1288 quas
1142 1204 1663 1287 praenominaui
1708 1205 2059 1287 portiones
2090 1210 2165 1269 et
2198 1204 2563 1269 uniuersae
2596 1219 2777 1284 quas

662 1304 1068 1388 possederat
1114 1311 1452 1369 terrarum
1501 1305 1969 1387 possessiones
2012 1322 2207 1369 meae
2248 1304 2579 1369 subactae
2612 1308 2781 1367 sunt

662 1402 929 1482 ditioni,
963 1406 1243 1488 quando
1271 1405 1358 1469 ad
1391 1405 1728 1488 synodale
1757 1404 2123 1471 concilium
2152 1403 2241 1468 ad
2280 1403 2779 1485 Cyrneceastre

663 1506 969 1570 uniuersi
1012 1507 1382 1587 optimates
1427 1506 1565 1569 mei
1606 1505 1813 1570 simul
1856 1506 1926 1569 in
1962 1523 2172 1570 unum
2204 1508 2679 1571 conuenerunt
2704 1510 2779 1569 et

663 1605 954 1670 eundem
992 1605 1360 1671 AElsricum
1395 1606 1781 1671 maiestatis
1820 1625 2011 1671 reum
2048 1607 2137 1670 de
2173 1604 2304 1669 hac
2340 1602 2571 1686 patria
2612 1621 2777 1684 pro·

663 1706 900 1789 fugnm
948 1706 1382 1788 expulerunt,
1425 1713 1497 1771 et
1533 1707 1865 1771 uniuersa
1904 1707 1995 1771 ab
2030 1706 2153 1771 illo
2192 1722 2516 1787 possessa
2566 1701 2778 1767 michi

530 1828 535 1833 ·
665 1806 812 1871 iure
841 1806 1254 1890 possidenda
1299 1826 1534 1871 omnes
1564 1808 1891 1872 unanimo
1933 1824 2273 1871 consensu
2300 1804 2778 1871 decreuerunt.

667 1907 936 1971 Deinde
966 1906 1352 1988 praefatam
1381 1908 1687 1983 uiduam,
1718 1926 1846 1989 pro
1880 1925 2115 1971 amore
2146 1905 2558 1987 optimatum
2588 1924 2777 1968 meo-

666 2026 818 2069 rum
843 2007 966 2090 qui
985 2007 1137 2070 eius
1167 2006 1350 2089 apud
1374 2028 1484 2071 me
1505 2008 1887 2071 extiterant
1921 2006 2271 2083 aduocati,
2300 2024 2499 2071 suam
2534 2004 2775 2071 haere-

665 2106 954 2171 ditatem
984 2106 1336 2189 possidere
1369 2108 1691 2173 elementi
1724 2107 2157 2189 benignitate
2184 2106 2487 2189 permisi,
2517 2112 2589 2171 et
2620 2105 2779 2187 ipsa

668 2207 944 2271 tandem
1001 2206 1074 2270 in
1134 2213 1448 2272 extrema
1505 2227 1675 2272 snae
1724 2208 2161 2291 migrationis
2210 2207 2558 2273 sententia
2606 2204 2778 2271 mihi

665 2326 904 2372 rursus
961 2308 1356 2373 earumdem
1407 2316 1748 2373 terrarum
1799 2309 2307 2391 possessionem
2352 2306 2655 2389 benigno
2706 2312 2782 2371 et

666 2408 910 2473 libenti
954 2408 1184 2472 animo
1245 2410 1317 2472 in
1364 2409 1782 2491 perhennem
1832 2408 2203 2489 dereliquit
2254 2407 2774 2473 haereditatem.

666 2507 1017 2574 Tellurem
1049 2528 1219 2573 uero
1250 2508 1340 2574 ad
1387 2508 1653 2593 Pyrian
1686 2527 1896 2592 quam
1930 2508 2138 2574 etiam
2168 2507 2253 2574 ad
2284 2508 2468 2574 idem
2502 2506 2779 2591 praesa-

669 2617 818 2674 tum
848 2609 1150 2676 concedo
1183 2611 1703 2687 monasterium,
1734 2629 1949 2674 unam
1984 2609 2263 2675 illarum
2304 2615 2581 2675 constat
2617 2625 2775 2674 esse

667 2717 1006 2775 terrarum
1035 2729 1213 2793 quas
1243 2710 1650 2776 AE'6elward
1684 2709 2079 2776 Ceolfledae
2108 2710 2291 2776 filius
2334 2708 2502 2774 mihi
2548 2715 2777 2774 aeter-

667 2811 918 2875 naliter
973 2810 1423 2894 possidendas
1479 2831 1607 2895 pro
1660 2829 1817 2876 mea
1848 2811 2142 2876 donauit
2172 2809 2501 2876 amicitia.
2566 2808 2780 2876 Omni

668 2910 885 2993 uulgo
911 2910 1118 2993 longe
1147 2911 1428 2996 lateque
1458 2911 1633 2978 satis
1666 2918 1773 2976 est
1806 2912 2160 2993 cognitum
2191 2911 2492 2994 qualiter
2517 2910 2673 2994 ipse
2706 2917 2779 2976 et

670 3011 885 3075 frater
909 3011 1061 3074 eius
1091 3019 1338 3076 contra
1365 3030 1476 3076 me
1525 3013 1626 3076 rei
1676 3012 2057 3090 extiterint,
2101 3011 2537 3095 qualiterque
2570 3011 2779 3076 ambo

667 3130 888 3175 meam
940 3110 1373 3176 inimicitiam
1425 3112 1866 3192 exigentibus
1916 3113 2061 3176 suis
2114 3113 2417 3180 reatibus
2468 3111 2781 3176 incurre-

670 3211 833 3275 rint.
960 3209 1164 3275 Haec
1219 3212 1693 3295 praefatarum
1748 3213 2121 3294 descriptio
2187 3220 2527 3278 terrarum
2592 3211 2781 3278 facta

669 3317 776 3376 est
839 3329 964 3393 per
1021 3311 1563 3378 admonitionem
1628 3312 1897 3378 Ordulfi
1962 3312 2289 3380 auunculi
2348 3313 2507 3389 mei,
2566 3319 2781 3395 atque

670 3411 1054 3476 AEvelmari
1099 3413 1702 3496 consanguinitate
1743 3412 1911 3478 mihi
1954 3411 2441 3495 conglutinati,
2480 3418 2554 3478 et
2592 3411 2779 3478 Wlf-

669 3513 816 3595 gati
839 3512 1135 3576 ministri
1163 3515 1297 3578 mei
1325 3513 1586 3590 dilecti,
1616 3533 1883 3578 necnon
1912 3521 1981 3578 et
2014 3515 2287 3579 abbatis
2308 3513 2444 3580 mei
2472 3511 2780 3596 wlfgari

671 3621 822 3694 tota
853 3611 1021 3676 mihi
1049 3612 1418 3680 deuotione
1460 3615 1764 3696 benigni,
1799 3615 1919 3697 qui
1962 3634 2075 3680 me
2109 3613 2453 3698 frequenti
2485 3633 2781 3696 sugges-

669 3715 858 3778 tione
911 3733 1066 3778 cum
1124 3722 1553 3779 caeterorum
1614 3714 1914 3778 fidelium
1969 3715 2391 3780 commonuit
2454 3715 2781 3784 suasione

665 3815 996 3897 quatinus
1021 3813 1132 3878 dei
1159 3815 1649 3898 omnipotentis
1678 3815 2172 3880 haereditatem
2201 3834 2303 3880 ex·
2319 3814 2555 3898 aliqua
2578 3823 2781 3897 parte

669 3915 1006 3979 innouare
1057 3921 1130 3979 et
1187 3933 1445 3996 augere
1503 3935 1817 3980 curarem
1837 3941 1861 3990 ς
1926 3914 2111 3998 quod
2172 3922 2244 3980 et
2290 3915 2423 3980 feci
2492 3923 2781 4002 propter

671 4013 954 4089 Christi,
980 4015 1101 4096 qui
1123 4034 1235 4079 me
1264 4015 1336 4079 in
1371 4035 1590 4099 regno
1614 4015 2042 4094 sublimauit,
2076 4035 2402 4093 amorem,
2426 4023 2500 4079 et
2534 4035 2777 4082 eorum

669 4115 792 4197 qni
825 4133 934 4178 me
963 4116 1188 4182 amica
1223 4117 1632 4180 assiduitate
1660 4115 1748 4180 ad
1771 4137 1992 4181 meam
2039 4115 2503 4182 exhortantur
2542 4135 2776 4182 neces-

665 4217 920 4280 sariam
971 4225 1045 4280 et
1095 4225 1448 4281 aeternam
1494 4217 1818 4293 salutem,
1864 4225 1934 4281 et
1985 4224 2273 4301 propter
2323 4216 2653 4308 humi-lem
2708 4224 2777 4281 et
