3119 5026
821 462 1166 512 ann‘rAss
1217 461 1907 512 Auemsnxomcm.
2292 448 2424 513 125

305 622 560 687 clesiae
595 622 725 686 sub
755 640 866 684 me
897 627 1130 686 tenere
1155 620 1505 685 concessi:
1551 619 1685 684 ho'c
1722 627 1833 685 est
1860 626 1939 685 ut
1973 619 2195 685 omnis
2224 621 2417 704 equi-

312 723 506 788 tandi
533 723 652 787 lex
683 723 772 786 ab
805 721 907 786 eis
929 721 1304 804 impleatur
1332 741 1512 805 quae
1539 721 1630 786 ad
1666 721 1937 804 equites
1960 721 2299 805 pertinet3
2344 729 2419 786 et

315 832 393 888 ut
422 824 722 906 pleniter
747 821 1152 905 persoluant
1181 823 1411 904 omnia
1439 840 1621 903 quae
1650 821 1737 886 ad
1772 823 1882 885 ius
1916 823 2135 905 ipsius
2164 821 2421 886 aeccle-

315 925 460 988 siae
491 923 676 988 iuste
721 927 1149 1005 competunt,
1193 921 1458 987 scilicet
1499 941 1585 986 ea
1626 941 1805 1005 quae
1838 919 2137 1003 Anglice
2180 921 2419 986 dicun-

315 1032 431 1090 tur
463 1025 858 1088 ciricsceott
895 1030 968 1103 et
1007 1021 1132 1086 toll
1164 1021 1235 1088 id
1275 1030 1386 1087 est
1426 1022 1825 1087 theloneum
1864 1029 1936 1086 et
1976 1030 2158 1099 tace,
2196 1021 2265 1085 id
2312 1029 2420 1086 est

317 1123 774 1208 swinsceade,
805 1130 878 1188 et
917 1129 1195 1188 caetera
1237 1123 1394 1186 iura
1433 1123 1834 1200 aecclesiae,
1878 1123 2010 1186 nisi
2054 1124 2424 1206 episcopus

320 1224 488 1308 quid
525 1225 736 1290 alicui
765 1242 1002 1290 eorum
1047 1220 1427 1305 perdonare
1456 1223 1793 1303 uoluerit3
1842 1239 2132 1306 seseque
2178 1242 2423 1306 quam-

318 1326 436 1391 diu
465 1325 660 1408 ipsas
693 1331 916 1390 terras
949 1329 1186 1388 tenent
1215 1323 1286 1387 in
1317 1323 1663 1388 mandatis
1694 1323 2041 1407 pontificis
2075 1323 2426 1389 humiliter

319 1445 478 1492 cum
531 1425 720 1490 omni
763 1423 1185 1489 subiectione
1235 1443 1681 1507 perseuerare
1728 1425 1935 1489 etiam
1983 1423 2423 1490 iureiurando

321 1524 684 1591 affirment.
751 1577 758 1584 .
787 1524 1012 1607 Super
1043 1524 1213 1590 haec
1244 1525 1454 1589 etiam·
1491 1523 1582 1588 ad
1612 1525 1837 1588 omnis
1866 1522 2245 1589 industriae
2280 1525 2425 1608 epi·-

321 1627 520 1709 scopi
601 1625 1057 1706 indigentiam
1135 1625 1542 1708 semetipsos
1612 1632 1890 1709 praesto
1973 1625 2417 1706 impendant;

322 1745 545 1809 equos
567 1731 950 1807 praestent3
983 1724 1120 1807 ipsi
1141 1725 1485 1807 equitent;
1520 1734 1590 1789 et
1610 1726 1697 1789 ad
1716 1733 1939 1790 totum
1965 1725 2426 1807 piramiticum

327 1845 508 1909 opus
539 1824 920 1891 aecclesiae
955 1825 1164 1889 calcis
1195 1832 1406 1907 atque
1435 1825 1526 1890 ad
1564 1826 1798 1908 pontis
1826 1825 2213 1889 aedificium
2240 1826 2427 1890 ultro

323 1927 773 1993 inueniantur
822 1925 1088 2009 parati3
1141 1925 1261 1990 sed
1319 1933 1390 1990 et
1431 1927 1825 1990 uenationis
1878 1945 2112 2008 sepem
2166 1925 2426 1990 domini

325 2026 638 2111 episcopi
666 2025 963 2112 ultronei
995 2025 1084 2088 ad
1107 2024 1603 2090 aedificandum
1635 2027 2141 2109 repperiantur,
2166 2045 2430 2110 suaque

327 2127 909 2214 quandocumque
938 2125 1214 2210 domino
1236 2127 1561 2209 episcopo
1593 2127 1874 2191 libuerit
1904 2127 2253 2190 uenabula
2278 2127 2434 2192 des-

325 2229 559 2294 tinent
603 2234 975 2304 uenatum3
1029 2225 1310 2310 insuper
1353 2226 1439 2290 ad
1485 2228 1744 2291 multas
1792 2227 1967 2291 alias
2013 2227 2433 2309 indigentiae

327 2347 586 2394 causas
617 2327 868 2409 quibus
903 2344 1079 2408 opus
1113 2333 1222 2390 est
1248 2327 1522 2392 domino
1553 2328 1849 2392 antistiti
1880 2345 2091 2410 saepe
2125 2327 2433 2406 frunisci,

325 2431 482 2494 siue
531 2425 620 2492 ad
673 2445 877 2490 suum
933 2426 1294 2490 seruitium
1347 2427 1496 2491 siue
1566 2429 1651 2491 ad
1710 2427 1944 2510 regale
1994 2427 2434 2509 explendum,

329 2548 609 2611 semper
645 2527 832 2592 illius
872 2525 1372 2593 archiductoris
1405 2528 1789 2593 dominatui
1825 2535 1897 2593 et
1932 2528 2285 2594 ‘uoluntati
2315 2530 2437 2613 qui

331 2628 772 2713 episcopatui
829 2627 1203 2710 praesidet,
1263 2636 1548 2711 propter
1590 2628 1996 2693 beneficium
2058 2629 2241 2712 quod
2293 2630 2435 2694 illis

332 2729 748 2813 praestitum
801 2736 931 2804 est,
995 2746 1154 2791 cum
1205 2728 1392 2792 omni
1449 2728 1843 2794 humilitate
1898 2736 1968 2793 et
2018 2726 2441 2795 subiectione

334 2829 602 2895 subditi
631 2828 826 2905 fiant,
853 2827 1231 2893 secundum
1261 2828 1937 2911 ipsius-uoluntatem
1985 2836 2055 2893 et
2096 2822 2435 2894 terrarum

335 2942 514 3013 quas·
567 2930 860 3011 quisque
907 2926 1216 3010 possidet
1265 2930 1751 3010 quantitatem.
1845 2930 2159 2993 Decurso
2212 2938 2442 2995 autem

333 3028 638 3114 praefati
681 3028 1008 3111 temporis
1046 3029 1410 3107 cun-icum,
1445 3029 1769 3093 uidelicet
1788 3028 2087 3093 'duorum
2134 3038 2294 3112 post
2324 3046 2444 3095 eos

315 3131 460 3214 ‘qui
479 3148 606 3193 eas
625 3127 830 3192 modo
859 3127 1219 3210 possident
1244 3126 1618 3193 haeredum
1640 3128 1831 3193 uitae
1852 3130 2103 3213 spatio,
2122 3131 2197 3193 in
2222 3131 2443 3213 ipsius

341 3228 682 3295 antistitis
725 3228 820 3295 sit
861 3227 1150 3293 arbitrio
1196 3229 1360 3310 quid
1409 3228 1568 3294 inde
1606 3230 1804 3307 uelit,
1847 3236 1917 3293 et
1953 3230 2295 3311 quomodo
2338 3232 2447 3296 sui

341 3330 526 3399 uelle
555 3330 652 3393 sit
688 3326 852 3395 inde
891 3326 998 3393 ita
1029 3334 1191 3404 stet,
1233 3328 1384 3393 siue
1413 3328 1503 3393 ad
1539 3348 1743 3393 suum
1770 3348 1945 3412 opus
1976 3348 2095 3393 eas
2130 3330 2445 3407 retinere,

343 3432 404 3495 si
431 3430 535 3494 sic
559 3428 690 3493 sibi
723 3427 895 3492 utile
911 3428 1350 3506 indicauerit,
1386 3429 1535 3492 siue
1571 3448 1689 3494 eas
1720 3430 1928 3494 alicui
1957 3428 2217 3495 diutius
2248 3451 2447 3514 prae-⁵

343 3539 560 3607 stare,
581 3529 643 3593 si
668 3528 768 3593 sic
788 3528 922 3591 sibi
952 3526 1296 3611 placuerit
1308 3528 1477 3593 uelit
1497 3549 1514 3610 ;
1545 3529 1648 3593 ita
1670 3529 2041 3593 dumtaxat
2069 3537 2148 3594 ut
2179 3550 2450 3614 semper

345 3629 728 3695 aecclesiae
758 3628 1048 3711 seruitia
1083 3628 1380 3711 pleniter
1407 3636 1487 3693 ut
1517 3628 1816 3711 praefati
1845 3649 2084 3694 sumus
2118 3630 2277 3695 inde
2294 3650 2449 3713 per-

347 3730 733 3796 soluantur.
825 3726 965 3791 Ast
997 3729 1057 3792 si
1093 3728 1258 3812 quid
1304 3728 1774 3812 praefatorum
1825 3729 2063 3793 delicti
2094 3732 2453 3813 praeuari-

348 3830 577 3896 cantis
605 3846 821 3893 causa
859 3827 1153 3892 defuerit
1191 3828 1442 3906 iurum,
1477 3829 2095 3911 praeuaricationis
2128 3830 2453 3897 delictum

351 3928 728 3995 secundum
787 3928 974 4011 quod
1020 3928 1361 4011 praesulis
1418 3930 1530 3993 ius
1582 3937 1689 3996 est
1744 3929 2084 4007 emendet,
2149 3939 2274 3998 aut
2330 3933 2455 3998 illo

353 4049 493 4115 quo
537 4036 746 4095 antea
785 4030 1051 4111 potitus
1097 4036 1205 4093 est
1251 4028 1432 4095 dono
1477 4037 1548 4094 et
1602 4038 1789 4095 terra
1834 4037 2087 4095 careat.
2179 4032 2255 4097 Si
2299 4035 2456 4116 quis

354 4150 550 4208 uero,
583 4129 858 4195 diabolo
901 4129 1303 4211 instigante,
1355 4130 1540 4211 quod
1587 4126 1865 4195 minime
1898 4138 2243 4213 optamuS,
2278 4136 2461 4200 extr-

357 4232 542 4307 terit,
558 4231 688 4312 qui
706 4249 831 4313 per
851 4237 1164 4297 nostrum
1191 4230 1607 4317 beneficium*
1626 4232 2029 4298 aecclesiam
2064 4232 2175 4296 dei
2194 4234 2462 4311 fraude,
