3119 5026
601 419 691 484 40
1122 437 1467 486 culmus
1512 435 2210 486 Aucmsaxomcan.

1380 694 1944 790 mccxxxv.

1337 804 1783 924 Elimia,
1838 843 1992 910 961.

733 1000 812 1080 ›1‹
854 997 1251 1063 UMUERSA
1287 998 1471 1062 sacri
1518 996 1779 1080 eloquii
1809 997 2094 1061 oracula
2139 996 2399 1061 crebris
2452 1015 2578 1061 nos
2617 995 2729 1058 in-

624 1105 902 1164 struunt
950 1098 1582 1176 ammonitionibus,
1629 1104 1707 1162 ut
1741 1098 1804 1164 ei
1838 1097 2072 1162 deuoti
2117 1102 2266 1162 toto
2309 1097 2722 1162 famulemur

624 1199 874 1264 adnisu
906 1200 1025 1281 qui
1059 1199 1295 1264 diuino
1326 1199 1556 1263 omnia
1584 1198 1882 1264 fundans
1924 1199 2138 1262 uerbo
2172 1198 2722 1274 microcosmum,

625 1299 972 1364 hominem
1049 1299 1337 1377 scilicet,
1410 1293 1862 1382 quadriformi
1915 1299 2333 1385 plasmatum
2407 1297 2722 1374 materia,

628 1400 1031 1481 omnigenae
1065 1397 1287 1465 tocius
1314 1401 1531 1464 cosmi
1561 1399 1896 1483 praefecit
1929 1407 2312 1464 creaturae.
2407 1397 2590 1463 Nam
2623 1397 2729 1461 di·-

628 1502 833 1566 uinae
881 1501 1259 1566 auctoritas
1314 1502 1698 1585 scripturae
1745 1500 2087 1565 multifido
2139 1511 2264 1564 nos
2319 1498 2732 1565 exhortatur

556 1595 573 1608 ⁶
630 1603 919 1679 monitu,
955 1602 1215 1679 dicenS,
1251 1607 1271 1636 ‘
1301 1600 1551 1666 Nudus
1587 1620 1907 1685 egressus
1937 1621 2091 1666 sum
2136 1620 2226 1664 ex
2261 1607 2459 1665 utero
2485 1598 2730 1663 matris

632 1723 844 1778 meae,
878 1709 950 1766 et
978 1703 1201 1766 nudus
1244 1709 1552 1767 reuertar
1590 1701 1754 1766 illuc
1777 1703 1819 1781 ;’
1869 1711 1940 1766 et
1981 1702 2258 1777 iterum,
2309 1706 2328 1734 ‘
2355 1699 2425 1764 N
2429 1698 2592 1764 ichil
2623 1700 2730 1763 in-

632 1804 919 1869 tulimus
973 1804 1042 1867 in
1100 1802 1281 1869 hunc
1320 1802 1674 1881 mundum,
1720 1821 1961 1867 uerum
2015 1822 2141 1866 nec
2191 1802 2280 1866 ab
2336 1820 2418 1865 eo
2465 1799 2734 1864 auferre

634 1905 798 1987 quid
846 1903 1267 1986 poterimus.’
1368 1902 1816 1986 Quapropter
1856 1903 2103 1967 lubrici
2147 1908 2553 1985 potentatus
2597 1919 2736 1964 non

636 2006 1015 2081 immemor,
1062 2023 1192 2086 ego
1237 2004 1540 2085 Eadgar‚
1588 2002 1866 2071 Christo
1911 2002 2306 2068 conferente
2357 2003 2580 2067 tocius
2610 2001 2737 2066 Al-

639 2105 861 2171 bionis
890 2105 1216 2181 basileuS,
1250 2105 1446 2187 regni
1480 2103 1763 2187 fastigio
1792 2103 2031 2168 humili
2056 2103 2452 2187 praesidens
2485 2102 2734 2179 animo,

640 2206 731 2271 ob
799 2205 1413 2270 remunerationem
1492 2205 1780 2288 praemii
1864 2205 2168 2281 maioris»,
2237 2201 2741 2286 aliquantulam

642 2305 822 2370 ruris
898 2304 1337 2388 particulam,
1408 2305 1916 2388 quinquaginta
1997 2304 2323 2369 uidelicet
2405 2310 2745 2381 cassatos,

641 2406 796 2471 loco
876 2406 995 2489 q'ui
1068 2405 1320 2470 celebri
1392 2405 1852 2489 Hysseburna
1911 2413 2349 2487 nuncupatur
2397 2410 2741 2478 onomate,

646 2505 1191 2572 Abbandunensi
1226 2504 1600 2571 aecclesiae
1630 2507 1877 2572 beatae
1923 2506 2036 2571 dei
2077 2505 2396 2589 genitrici
2441 2526 2744 2589 semper-.

649 2627 783 2691 que
833 2608 1087 2689 uirgini
1148 2606 1419 2672 Mariae
1467 2606 1838 2671 honorifice
1890 2607 2184 2685 dicatae,
2215 2607 2327 2671 ad
2373 2606 2742 2673 monacho-

650 2727 802 2773 rum
825 2722 991 2772 usus
1014 2708 1182 2772 inibi
1209 2707 1621 2790 regulariter
1644 2708 2038 2793 degentium
2068 2707 2483 2793 dominoque
2507 2715 2746 2773 nostro

649 2810 900 2873 deuote
966 2808 1437 2886 seruientium,
1501 2828 1659 2873 cum
1715 2808 2058 2874 omuibus
2089 2808 2500 2873 utensilibus
2565 2828 2746 2891 quae

652 2909 821 2974 deus
871 2910 1217 2975 coelorum
1263 2910 1336 2973 in
1376 2909 1529 2992 ipsa
1558 2908 1831 2974 telluris
1861 2909 2074 2975 edidit
2093 2909 2497 2993 superficie,
2531 2911 2750 2992 pratis

653 3010 996 3087 uidelicet,
1090 3009 1391 3092 pascuiS,
1472 3008 1691 3087 siluis,
1777 3010 2248 3093 siluarumque
2334 3010 2751 3088 nemoribus,

656 3118 939 3174 aeterna
969 3108 1266 3192 largitus
1298 3129 1446 3173 sum
1481 3108 1944 3192 haereditate3
1977 3110 2262 3195 praedia
2287 3112 2525 3193 utique
2557 3127 2752 3177 ,xlm

657 3229 836 3293 quae
888 3209 1374 3275 Uuintoniensi
1427 3209 1566 3275 sita
1621 3218 1784 3275 sunt
1834 3212 2004 3276 urbe
2055 3212 2142 3276 ad
2198 3230 2316 3275 rus
2364 3211 2754 3295 praefatum

655 3310 1070 3394 pertinentia
1124 3310 1365 3375 eadem
1416 3310 1740 3376 libertate
1791 3311 2144 3395 praefatae
2194 3312 2306 3375 dei
2357 3311 2755 3390 aecclesiae,

658 3409 1029 3475 admodum
1080 3411 1332 3476 deuoto
1382 3411 1850 3476 AE’seluuoldo
1887 3413 2239 3477 obtinente
2277 3412 2578 3477 eiusdem
2621 3412 2756 3477 loci

658 3512 934 3589 abbate,
986 3508 1412 3598 plauda[n]t.
1492 3511 1599 3576 Sit
1641 3519 1874 3577 autem
1923 3512 2352 3596 praedictum
2401 3531 2519 3577 rus
2568 3514 2758 3578 omni

657 3620 972 3677 terrenae
1015 3611 1372 3677 seruitutis
1425 3611 1590 3693 iugo
1630 3612 1946 3690 liberum,
1979 3614 2200 3677 tribus
2235 3614 2568 3696 exceptiS,
2600 3622 2759 3679 rata

658 3711 983 3778 uidelicet
1049 3711 1513 3795 expeditione,
1577 3714 1810 3795 pontis
1878 3714 2145 3779 arcisue
2211 3715 2754 3798 recuperatione.

663 3812 737 3876 Si
774 3812 929 3896 quis
966 3819 1194 3877 autem
1231 3812 1678 3895 praescriptis
1719 3814 2003 3878 statutis
2043 3813 2344 3879 noluerit
2373 3816 2763 3880 consentire

662 3920 787 3991 aut
816 3912 1115 3992 obedire,
1145 3914 1322 3977 sciat
1354 3932 1431 3977 se
1464 3912 1764 3978 alienum
1801 3934 1954 3978 esse
2001 3933 2044 3977 a
2083 3915 2432 3979 consortio
2475 3923 2763 3982 sanctae

662 4013 773 4077 dei
820 4012 1197 4078 aecclesiae
1231 4021 1302 4079 et
1336 4033 1379 4078 a
1410 4033 1699 4097 corpore
1741 4021 1812 4078 et
1853 4016 2195 4097 sauguine
2238 4015 2498 4080 domini
2542 4018 2764 4081 nostri

664 4113 871 4179 Ihesu
917 4111 1203 4193 Christi,
1255 4134 1377 4198 per
1426 4114 1912 4181 auctoritatem
1965 4116 2151 4180 beati
2213 4114 2408 4181 Petri
2461 4118 2764 4199 apostoli

660 4214 1140 4298 sociorumque
1205 4216 1376 4292 eiuS‚
1426 4214 1558 4279 nisi
1611 4216 1806 4300 prius
1863 4216 1975 4281 hic
2025 4215 2240 4300 digna
2293 4218 2764 4284 emendauerit
