3119 5026
684 409 773 475 82
1201 418 1545 477 CHARTAE
1590 424 2278 477 ANcmSAxomoAE.

696 584 1100 667 supradicta
1149 590 1337 649 terra
1388 585 1481 647 sit
1531 584 1826 651 liberata
1879 584 1968 651 ab
2009 585 2194 648 omni
2243 582 2502 649 tributo
2554 580 2796 664 regali,

702 684 1052 765 uectigali,
1088 684 1237 751 siue
1258 680 1454 751 'notis
1501 684 1654 747 siue
1691 683 1974 765 ignotis,
2011 683 2291 751 maioris
2337 683 2449 747 uel
2487 683 2798 759 minoris,

700 785 1031 867 quamdiu
1074 784 1448 849 christiana
1490 784 1659 849 fides
1702 784 1776 849 in
1821 783 2024 849 terris
2069 790 2407 850 seruatur.
2521 782 2597 851 Si
2643 782 2800 865 quis

701 884 877 948 hanc
910 884 1451 951 benedictionem
1491 882 1840 965 largitatis
1869 902 2126 965 augere
2159 884 2288 949 deo
2321 882 2638 959 uoluerit,
2671 900 2802 947 sua

701 986 886 1047 bona
944 985 1017 1049 in
1074 984 1357 1051 coelesti
1412 1004 1630 1067 regno
1673 992 2064 1065 augeantur
2113 991 2183 1051 et
2233 981 2799 1064 multiplicentur.

704 1084 795 1148 Et
847 1084 967 1166 qui
1018 1083 1195 1149 hanc
1239 1085 1680 1150 donationem
1727 1103 1952 1149 meam
1997 1082 2441 1166 temptauerit
2483 1082 2802 1163 frangere

702 1191 825 1248 aut
874 1183 1275 1259 diminuere,
1330 1183 1698 1247 anathema
1745 1184 1838 1248 sit
1879 1191 2237 1249 marenata
2283 1183 2358 1247 in
2403 1182 2514 1245 die
2567 1180 2802 1247 iudicii

702 1290 863 1349 ante
900 1283 1202 1349 tribunal
1238 1282 1519 1360 Christi,
1546 1283 1682 1349 nisi
1715 1289 1876 1348 ante
1895 1302 2050 1349 cum
2079 1282 2550 1349 satisfactione
2573 1299 2804 1345 emen-

702 1383 996 1449 dauerit.
1098 1381 1355 1450 Actum
1388 1390 1498 1449 est
1526 1382 1658 1447 hoc
1688 1402 1874 1449 anno
1903 1384 1991 1451 ab
2031 1382 2507 1451 incarnatione
2543 1380 2805 1446 domini

702 1483 921 1549 nostri
956 1481 1169 1548 Ihesu
1200 1482 1459 1547 Christi
1503 1478 2082 1567 .nccc[c].1.xv11.
2129 1482 2502 1548 indictione
2533 1498 2684 1545 xv,

816 1585 897 1664 ›1‹
938 1581 1093 1663 Ego
1124 1582 1491 1665 Eadgarus
1534 1602 1660 1649 rex
1694 1582 1874 1647 hanc
1907 1583 2244 1649 cartulam
2285 1582 2486 1662 signo
2519 1587 2803 1645 sanctae

703 1682 925 1745 crucis
984 1680 1243 1747 Christi
1294 1682 1738 1751 corroboraui
1796 1689 1870 1747 et
1919 1682 2322 1752 confirmans
2371 1680 2802 1749 consentiens

704 1787 777 1846 et
814 1782 1215 1864 subscripsi,
1256 1789 1327 1847 et
1372 1788 1686 1847 caeteros
1732 1787 1947 1847 testes
1993 1782 2278 1848 idoneos
2317 1786 2398 1843 ut
2445 1779 2534 1845 ad
2573 1779 2801 1861 ipsum

706 1887 990 1961 agerent
1050 1880 1334 1946 adhibui
1394 1900 1690 1962 quorum
1749 1881 2029 1946 nomina
2077 1881 2260 1967 infra
2313 1879 2572 1962 scripta
2619 1884 2804 1943 sunt.

716 1982 795 2061 ›1‹
841 1979 995 2065 Ego
1032 1979 1188 2047 Odo
1217 1979 1778 2063 archiepiscopus
1809 1981 2125 2048 consensi
2153 1986 2224 2045 et
2249 1978 2648 2061 subscripsi.
2715 1981 2794 2060 ›1‹

707 2078 860 2158 Ego
894 2078 1264 2145 Wulfhere
1292 2080 1462 2145 dux.
1576 2081 1655 2160 ›1‹
1693 2080 1846 2161 Ego
1878 2078 2271 2151 Beorhtwlf
2288 2079 2457 2143 dux.
2534 2081 2613 2161 ›1‹
2649 2077 2804 2159 Ego

707 2177 1092 2245 Brihtwald
1126 2178 1295 2247 dux.
1411 2181 1489 2260 »Β
1531 2179 1688 2259 Ego
1718 2179 2042 2245 Ealhferd
2081 2180 2452 2262 episcopus
2489 2178 2806 2243 consensi

706 2284 777 2341 et
810 2278 1204 2361 subscripsi.
1290 2280 1368 2359 »Β
1404 2278 1558 2361 Ego
1594 2278 1830 2345 Mucel
1857 2280 2028 2365 dux.
2116 2281 2197 2360 ›1‹
2231 2278 2385 2360 Ego
2415 2275 2806 2348 Eastmund

706 2376 875 2439 dux,
991 2379 1069 2458 »Β
1116 2378 1268 2459 Ego
1308 2377 1672 2451 Eadmund
1723 2380 2086 2461 episcopus
2142 2378 2462 2444 consensi
2517 2384 2586 2444 et
2641 2378 2807 2441 sub-

706 2476 970 2558 scripsi.
1094 2479 1172 2559 ›1‹
1236 2477 1387 2559 Ego
1440 2477 1826 2542 AEsselwulf
1867 2478 2036 2542 dux.
2170 2480 2249 2561 »Β
2311 2477 2582 2542 AElfred
2632 2476 2804 2541 dux.

718 2578 797 2657 ›1‹
861 2575 1167 2640 AElfstan
1216 2577 1389 2642 dux.
1526 2578 1605 2657 »Β
1662 2577 1980 2644 Wulsred
2036 2579 2205 2642 dux‚
2347 2580 2425 2659 »Β
2486 2576 2806 2642 Werfred

707 2675 874 2740 dux.
990 2677 1068 2756 »Β
1115 2674 1394 2740 Garwlf
1414 2677 1745 2740 minister.
1863 2679 1942 2763 »Β
1988 2675 2332 2742 Ealheard
2369 2677 2601 2741 abbas.
2718 2679 2799 2758 ›1‹

710 2771 1099 2839 AEsselward
1136 2777 1519 2859 presbyter.
1605 2778 1684 2858 »1⁴
1717 2776 2005 2839 AEcbert
2037 2777 2369 2841 minister.
2458 2777 2537 2856 ›1‹
2574 2774 2810 2840 Wulf-

707 2873 891 2938 helm
933 2875 1261 2940 minister.
1377 2875 1455 2954 »Β
1512 2873 1872 2939 AEbelstan
1913 2875 2158 2957 presby
2170 2882 2295 2939 ter.
2409 2877 2487 2956 »Β
2527 2873 2810 2956 AEgfrid

708 2973 1038 3038 minister.
1154 2976 1232 3055 »Β
1279 2973 1473 3038 Acca
1505 2975 1839 3038 minister.
1952 2976 2031 3055 ›1‹
2073 2974 2240 3038 AEla
2271 2974 2604 3042 minister.
2722 2975 2801 3054 ›1‹

710 3071 1002 3154 Wynsie
1036 3073 1365 3137 minister.
1397 3091 1411 3106 κ
1482 3074 1561 3153 ›1‹
1603 3073 1874 3138 AElfred
1910 3073 2242 3139 minister.

1579 3367 1956 3435 MCCLX.

1443 3487 2086 3596 Eincin,ffls.

825 3661 902 3740 ›1‹
933 3658 1021 3722 ΙΝ
1060 3659 1333 3722 nomine
1366 3660 1627 3724 domini
1649 3665 1866 3728 nostri
1893 3663 2105 3728 Ihesu
2130 3664 2390 3730 Christi
2417 3667 2431 3730 !
2493 3664 2707 3733 Anno
2729 3670 2819 3735 ab

714 3758 1184 3822 incarnatione
1215 3758 1471 3822 domini
1512 3763 1728 3824 nostri
1767 3762 1975 3826 Ihesu
2007 3763 2266 3829 Christi
2306 3783 2812 3834 ,nccccmxvih

714 3858 1091 3920 indictione
1123 3873 1223 3921 .x.
1274 3878 1403 3940 ego
1438 3859 1742 3942 Eadgar‚
1777 3862 2012 3928 diuina
2061 3861 2530 3930 allubescente
2563 3869 2818 3947 gratia,

718 3975 840 4019 rex
921 3962 992 4018 et
1066 3957 1491 4037 primicerius
1566 3958 1976 4041 Anglorum,
2057 3963 2560 4044 aliquantulam
2638 3969 2818 4032 ruris

717 4060 985 4135 partem
1034 4056 1123 4119 ab
1176 4056 1431 4121 accolis
1484 4059 1917 4124 aestimatam
1973 4063 2490 4140 mansiunculiS,
2537 4064 2610 4127 in
2663 4065 2816 4132 loco

717 4154 835 4235 qui
884 4153 1133 4218 dicitur
1176 4163 1269 4220 aet
1328 4157 1812 4238 Bragenfelda,
1873 4179 2023 4224 meo
2061 4163 2296 4226 comiti
2345 4163 2814 4242 Beorhtnovm
