3119 5026
595 443 720 508 164
1103 453 1449 506 annrAu
1493 445 2187 500 AucmsAxochn.

598 618 989 702 episcopus·
1115 616 1194 696 4
1248 611 1400 693 Ego
1465 605 1852 674 AEsselwold
1909 605 2303 687 episcopus.
2428 600 2509 680 4
2556 595 2711 679 Ego

606 718 856 802 Lyfing
891 716 1275 798 episcopus.
1385 710 1470 795 4
1513 707 1669 790 Ego
1700 704 2110 790 Bryhtwald
2142 702 2533 785 episcopus,
2625 699 2706 779 4

610 819 764 900 Ego
819 814 1125 879 AEbelric
1191 812 1584 895 episcopus.
1705 810 1785 890 4
1832 806 1987 888 Ego
2053 799 2398 867 AElfward
2472 799 2717 863 abbas.

622 920 701 1000 4
736 917 891 999 Ego
917 913 1209 996 AElssige
1233 913 1472 976 abbas.
1592 911 1672 991 4
1705 907 1859 989 Ego
1884 902 2266 970 Brihtwald
2290 901 2530 966 abbas,
2630 897 2711 977 4

617 1018 768 1099 Ego
832 1015 1078 1080 AElfric
1134 1015 1302 1079 dux.
1416 1013 1497 1093 4
1542 1009 1699 1090 Ego
1763 1006 2112 1071 Leofwine
2164 1003 2329 1067 dux.
2441 1001 2522 1082 4
2562 998 2723 1080 Ego

618 1117 886 1182 Uhtred
940 1115 1110 1179 dux.
1223 1114 1302 1194 4
1346 1112 1500 1192 Ego
1549 1106 1913 1174 AEfflelmer
1956 1103 2291 1170 minister.
2423 1102 2504 1183 4
2571 1098 2729 1179 Ego

619 1217 903 1300 AElsgar
935 1213 1268 1282 minister.
1383 1213 1463 1293 4
1497 1210 1653 1292 Ego
1681 1205 1986 1272 Brihtric
2009 1203 2344 1268 minister.

1455 1507 1906 1575 Mcccvn.
2006 1605 2013 1612 .

1160 1633 1957 1736 AEDELRED,'JU1.Y‚
2002 1657 2199 1722 1012.

740 1810 827 1896 4
850 1808 1120 1876 AUREA
1140 1817 1220 1873 ut
1245 1808 1466 1875 fertur
1491 1807 1837 1891 quondam
1872 1807 2153 1872 saecula
2179 1806 2359 1872 haud
2386 1806 2745 1872 hominum

637 1912 968 1978 toxicatis
1010 1910 1268 1974 infecta
1307 1909 1659 1992 nequitiis,
1688 1906 1809 1973 sed
1842 1925 2019 1991 pura
2051 1906 2494 1990 simplicitate
2523 1927 2747 1972 remo-

638 2012 731 2076 tis
775 2011 1244 2075 simultatibus
1288 2009 1542 2093 ubique
1594 2010 1900 2092 uigente,
1942 2007 2153 2073 nullis
2196 2008 2559 2072 territoriis
2615 2027 2749 2072 usa

637 2117 1061 2189 noscuntur;
1109 2118 1184 2175 at
1224 2117 1462 2174 nostra
1507 2116 1703 2174 aetas
1740 2108 1953 2173 liuida
1994 2107 2391 2174 mortalium
2424 2109 2753 2191 maligni-

642 2219 791 2277 tate
847 2209 1143 2288 fuscata,
1197 2229 1280 2274 ac
1335 2209 1761 2274 multimodis
1818 2209 2131 2274 cladibus
2176 2209 2486 2286 obsessa,
2533 2229 2755 2274 cansa

642 2311 1086 2376 uitandarum
1127 2310 1378 2388 litium,
1417 2310 1728 2373 terminis
1769 2308 2036 2373 telluris
2094 2309 2415 2392 propriae
2454 2317 2754 2393 exoptat

643 2411 931 2496 perfrui,
996 2430 1174 2494 quae
1235 2418 1466 2475 tamen
1526 2409 1805 2473 iusticia
1864 2409 2311 2486 emendanda,
2384 2409 2759 2492 prudentia

647 2511 1118 2596 gubernanda,
1151 2509 1611 2594 temperantia
1640 2509 1960 2588 tenenda,
1992 2508 2394 2576 fortitudine
2430 2512 2761 2576 corrobo-

649 2614 871 2679 randa
903 2619 1049 2687 est;
1098 2620 1170 2676 et
1203 2611 1274 2675 in
1309 2611 1438 2675 hac
1471 2610 1623 2676 uita
1654 2610 1846 2676 labili
1878 2610 2163 2676 summis
2188 2610 2439 2675 studiis
2471 2617 2762 2695 aeterna

652 2713 1057 2779 mortalibus
1091 2711 1458 2776 mercanda
1489 2719 1617 2777 est.
1721 2710 1927 2776 Unde
1954 2730 2087 2792 ego
2124 2710 2537 2775 AEvelredus
2570 2713 2764 2777 basi-

655 2814 806 2879 leus
859 2814 1086 2877 tocius
1129 2810 1469 2887 Albionis,
1521 2810 2012 2895 omnipotentis
2066 2810 2179 2876 dei
2228 2819 2401 2876 nutu
2452 2819 2767 2895 regente,

655 2914 928 2979 cuidam
959 2914 1274 2977 ministro
1297 2931 1450 2977 meo
1480 2912 1790 2977 mihimet
1820 2911 2114 2976 fideliter
2146 2912 2549 2995 obsequenti
2581 2912 2766 2978 Leo·

661 3014 875 3079 fricus
917 3012 1278 3077 uocamine
1325 3012 1672 3095 quoddam
1711 3012 1891 3076 ruris
1926 3012 2459 3090 amminiculam,
2498 3014 2769 3079 scilicet

662 3114 899 3177 decem
919 3119 1254 3188 cassatos,
1267 3114 1545 3194 proprio
1564 3112 1712 3176 iure
1732 3112 2216 3195 possidendum
2237 3112 2765 3196 largitertribno

665 3214 737 3278 in
781 3211 953 3276 uilla
1001 3230 1181 3294 quae
1213 3211 1474 3277 famose
1508 3212 1901 3279 aruricolis
1952 3211 2353 3295 Hwitcyrce
2399 3214 2655 3279 dicitur
2693 3215 2768 3279 in

667 3312 1027 3397 prouincia
1091 3311 1655 3392 Dxnafordnensi
1718 3314 1855 3377 sita
1915 3312 2119 3376 iuxta
2180 3313 2399 3396 ripam
2460 3313 2769 3379 fluminis

671 3413 1026 3492 Tamesis3
1081 3420 1160 3477 ut
1203 3412 1415 3477 libere
1465 3411 1616 3477 uoti
1665 3431 1971 3496 compoS,
2024 3412 2172 3477 uita
2217 3413 2491 3491 comite,
2546 3415 2768 3497 possi-

671 3515 859 3591 deat,
887 3520 958 3577 et
979 3513 1092 3577 cui
1112 3513 1386 3579 haeredi
1414 3512 1695 3578 libuerit
1716 3513 2168 3595 derelinquat.
2232 3512 2339 3578 Sit
2359 3513 2532 3578 haec
2560 3514 2773 3581 tellus

671 3636 826 3680 cum
863 3613 1288 3697 appendiciis
1326 3614 1470 3677 suis
1515 3613 1733 3678 libera
1778 3614 1867 3677 ab
1907 3614 2095 3677 omni
2138 3614 2515 3677 saecularis
2558 3616 2779 3682 serui-

676 3716 849 3781 tutis
889 3713 1163 3790 honere,
1204 3714 1515 3796 exceptis
1564 3732 1739 3797 quae
1784 3712 2105 3778 omnibus
2142 3714 2533 3779 communia
2584 3723 2777 3795 sunt,

672 3814 996 3880 uidelicet
1017 3814 1402 3897 procinctu,
1421 3814 1653 3896 pontis
1680 3814 1948 3877 arcisue
1972 3814 2513 3896 recuperatione,
2534 3825 2781 3881 nostra

673 3915 1086 3979 auctoritate
1129 3914 1404 3978 sibimet
1442 3920 1512 3977 et
1550 3913 1957 3978 haeredibus
2004 3934 2127 3996 per
2178 3920 2491 3997 tempora
2522 3925 2782 3982 cuncta

677 4032 1148 4098 permansura.
1252 4014 1343 4078 Et
1369 4014 1430 4077 si
1456 4013 1634 4078 forte
1665 4015 2007 4097 quispiam
2032 4014 2211 4078 hanc
2228 4023 2539 4081 nostram
2565 4017 2785 4083 dona-

679 4116 960 4191 tionem,
986 4114 1169 4197 quod
1195 4114 1400 4190 absit,
1423 4113 1783 4179 adnullare
1800 4115 2159 4196 satagerit,
2178 4121 2249 4179 et
2266 4115 2476 4199 impie
2496 4119 2782 4201 proprio

677 4214 982 4278 dominio
1030 4214 1228 4289 subdi
1262 4214 1606 4291 maluerit,
1646 4216 1821 4281 sciat
1872 4234 1949 4279 se
1984 4234 2173 4279 reum
2226 4215 2373 4279 sore
2418 4216 2783 4286 iustissimi
