3119 5026
862 444 1207 493 cimirun
1258 446 1945 497 AnonosAxochn.
2367 436 2454 499 83

326 596 621 663 liberam
679 607 959 681 praeter
1008 620 1267 679 arcem,
1306 608 1615 683 pontem,
1659 604 2336 689 expeditionemque,
2373 611 2446 672 in

325 705 747 779 perpetuum
796 700 907 765 ius
965 699 1259 765 libenter
1308 702 1678 765 admodum
1736 705 2064 782 concedo,
2115 708 2443 788 quatinus

324 796 571 863 diebus
634 800 824 863 uitae
882 818 1050 864 suae
1104 801 1496 882 possideat;
1562 810 1634 866 et
1689 809 1848 883 post
1903 823 1978 869 se
2034 807 2441 891 cuicumque

323 896 629 965 uoluerit
670 898 945 963 haeredi
988 899 1445 982 derelinquat.
1550 900 1756 979 Quod
1799 903 1860 967 si
1901 905 2216 987 quisque,
2247 909 2435 988 quod

322 1015 461 1061 non
496 1004 851 1079 optamuS,
881 997 1169 1063 huiusce
1208 1000 1604 1066 donationis
1642 1001 1982 1067 cartulam
2017 1004 2436 1071 adnichilare

324 1099 799 1178 temptauerit,
850 1117 1081 1163 coram
1134 1098 1410 1164 Christo
1470 1119 1547 1165 se
1609 1101 1944 1167 rationem
2003 1104 2431 1169 redditurum

320 1204 681 1276 agnoscat.
785 1197 879 1262 Et
926 1198 1133 1263 huius
1188 1199 1351 1263 doni
1412 1200 1992 1282 constipulatores
2049 1205 2432 1271 extiterunt

320 1315 617 1377 quorum
647 1296 930 1363 inferius
963 1299 1243 1363 nomina
1275 1300 1600 1364 caraxari
1629 1300 1972 1367 uidentur.

412 1399 498 1477 ›1‹
544 1396 700 1477 Ego
742 1397 1022 1478 Eadgar
1062 1417 1189 1463 rex
1228 1396 1620 1479 Anglorum
1666 1399 1797 1465 hoc
1842 1400 2098 1467 donum
2136 1402 2430 1485 largitus

318 1512 493 1560 sum.
614 1499 693 1578 ›1‹
739 1497 895 1577 Ego
965 1497 1293 1563 Dunstan
1358 1497 1917 1581 archiepiscopus
1980 1503 2296 1566 consensi
2359 1511 2430 1568 et

318 1595 721 1677 subscripsi.
837 1598 931 1678 »Ιη-
954 1596 1109 1678 Ego
1165 1595 1450 1679 Oscytel
1498 1597 2059 1681 archiepiscopus
2111 1604 2430 1668 consensi

318 1701 387 1760 et
430 1696 832 1777 subscripsi.
945 1700 1024 1779 ›1‹
1067 1697 1223 1777 Ego
1280 1696 1641 1763 AElfuuold
1694 1698 2060 1779 episcopus
2114 1703 2428 1766 consensi

316 1800 385 1857 et
462 1796 867 1878 subscripsi.
1012 1798 1091 1878 ›1‹
1138 1796 1294 1877 Ego
1363 1796 1785 1863 AE’Seluuold
1847 1798 2210 1881 episcopus
2259 1819 2424 1887 con-

314 1895 501 1959 sensi
580 1902 654 1959 et
728 1895 1129 1979 subscripsi.
1289 1898 1367 1977 »Β
1440 1895 1594 1977 Ego
1673 1896 1978 1964 AElfstan
2049 1899 2418 1981 episcopus

313 1995 635 2059 consensi
686 2001 759 2060 et
810 1995 1209 2077 subscripsi.
1326 1997 1405 2076 ›1‹
1459 1995 1614 2075 Ego
1668 1995 2012 2078 Uuinsige
2057 1999 2422 2081 episcopus

309 2094 653 2159 consensi.
771 2096 849 2175 »Β
890 2094 1043 2175 Ego
1100 2093 1415 2160 Osuuold
1468 2095 1834 2177 episcopus
1879 2099 2218 2163 consensi.
2333 2101 2439 2181 *1⁴-

312 2192 469 2273 Ego
522 2192 740 2265 osulf
770 2194 1139 2276 episcopus
1177 2194 1519 2259 consensi.
1633 2195 1711 2274 ›1‹
1754 2195 1906 2276 Ego
1953 2196 2238 2263 Eadelm
2275 2199 2422 2279 epi-

310 2310 569 2374 scopus
636 2294 974 2361 consensi.
1110 2295 1189 2374 ›1‹
1249 2292 1401 2374 Ego
1467 2292 1734 2357 AElfere
1791 2294 1963 2359 dux.
2124 2299 2205 2378 ›1‹
2263 2296 2416 2378 Ego

312 2390 686 2462 AE’selstan
718 2393 886 2457 dux.
1000 2394 1079 2474 ›1‹
1113 2392 1267 2473 Ego
1299 2392 1533 2457 AElfeh
1567 2392 1737 2461 dux.
1854 2396 1933 2476 ›1‹
1963 2393 2116 2477 Ego
2144 2395 2420 2478 Ordgar

311 2490 476 2557 dux.
574 2494 653 2574 >1⁴
692 2492 844 2575 Ego
875 2490 1233 2577 Byrhtnob
1259 2492 1426 2557 dux.
1516 2494 1596 2575 ›1-
1628 2492 1778 2576 Ego
1809 2493 2228 2560 AE'Geluuine
2247 2495 2416 2562 dux.

320 2593 398 2672 »Β
438 2590 599 2672 Ego
635 2592 1009 2675 Byrhtfern
1045 2592 1379 2659 minister.
1482 2594 1562 2673 >1⁴
1603 2593 1756 2674 Ego
1787 2593 2260 2659 AEtseluueard
2289 2597 2417 2660 mi·

306 2691 548 2755 nister.
636 2695 715 2774 ›1‹
759 2692 917 2774 Ego
950 2691 1307 2758 AElfuuine
1340 2691 1670 2756 minister.
1761 2694 1838 2773 ›1‹
1869 2693 2022 2775 Ego
2056 2693 2417 2761 Orduuald

302 2790 643 2855 minister'.
757 2795 836 2874 ›1‹
881 2793 1033 2873 Ego
1077 2791 1438 2872 AE’Selsige
1479 2793 1810 2856 minister.
1925 2794 2003 2873 »Β
2046 2794 2200 2881 Ego
2233 2794 2415 2857 AElf-

302 2889 519 2954 uuold
552 2891 887 2957 minister.
1002 2894 1079 2973 ›1‹
1119 2892 1273 2973 Ego
1307 2891 1642 2958 Uulfstan
1687 2891 2022 2961 minister.
2135 2894 2212 2973 ›1‹
2261 2893 2413 2975 Ego

304 2990 591 3054 AElfelm
623 2991 952 3056 minister.

1135 3203 1555 3269 MCCLXI.

1035 3325 1477 3430 EADGAR,
1518 3351 1673 3417 968.

407 3492 486 3571 ›1‹
532 3489 947 3554 REGNANTE
1004 3491 1077 3554 in
1111 3496 1517 3572 perpetuum
1575 3489 1850 3554 domino
1904 3495 2143 3553 nostro
2192 3488 2406 3562 Ihesu

298 3587 604 3665 Christo,
685 3591 808 3671 qui
885 3590 1171 3671 imperio
1249 3589 1468 3670 patris
1551 3596 1805 3656 cuncta
1881 3588 2084 3652 simul
2180 3589 2406 3654 sancti

296 3689 582 3770 spiritus
638 3690 871 3770 gratia
929 3688 1328 3755 uiuificante
1378 3687 1722 3768 disponit!
1833 3687 2176 3764 Quamuis
2223 3687 2404 3750 enim

296 3790 513 3852 uerba
556 3788 993 3852 sacerdotum
1030 3795 1100 3852 et
1148 3788 1425 3852 decreta
1467 3787 1768 3850 iudicum
1808 3787 1882 3850 in
1917 3787 2160 3852 robore
2192 3786 2404 3850 firmi-

296 3889 458 3954 tatis
509 3888 765 3968 iugiter
815 3895 1280 3969 perseuerent,
1332 3893 1664 3964 attamen,
1721 3905 1848 3966 pro
1897 3885 2164 3950 incerta
2212 3885 2398 3950 futu-

291 4005 525 4050 rorum
592 3987 1059 4052 mutabilitate
1123 4006 1484 4062 annorum,
1548 3984 2112 4068 cirographorum
2184 3991 2398 4050 testa-

290 4094 525 4150 mento
606 4093 771 4153 sunt
844 4087 1256 4150 roboranda.
1396 4085 1843 4167 Quapropter
1915 4104 2045 4166 ego
2120 4084 2401 4166 Eadgar

291 4185 505 4250 totius
555 4186 995 4253 Brittanniae
1062 4185 1387 4261 basileuS‚
1447 4185 1796 4266 quandam
1853 4185 2118 4249 telluris
2165 4186 2400 4266 -parti-

2033 4308 2066 4342 e
2088 4298 2120 4342 2
