3119 5026
701 418 791 483 78
1212 428 1559 480 anamma
1614 424 2315 476 ANGmSAxomoAss.
2432 401 2445 412 ’

709 594 789 673 ›1‹
837 593 993 675 Ego
1056 589 1419 656 Eaduuine
1474 587 1810 651 minister.
1925 587 2006 667 ›1‹
2053 582 2206 667 Ego
2241 580 2628 647 Leofuuine
2687 582 2814 645 mi-

702 695 937 756 nister.
1069 694 1146 773 ›1‹
1192 690 1345 772 Ego
1385 687 1632 752 AElfric
1667 687 1998 751 minister.
2137 686 2224 771 »Β
2261 682 2413 766 Ego
2461 681 2815 764 AEbelsige

701 793 1034 857 minister.
1162 791 1249 876 »Β
1318 788 1473 872 Ego
1526 786 2002 851 AE’seluueard
2049 787 2384 851 minister.
2516 785 2597 864 »Β
2659 782 2814 865 Ego

707 892 957 957 AElfric
989 891 1328 956 minister.
1442 891 1522 971 »Β
1569 888 1723 971 Ego
1759 887 2099 970 Uulfgeat
2139 885 2472 950 minister.

1533 1194 1990 1263 MGGLVII.

1428 1314 2081 1427 EADGAR,fflffi.

816 1489 896 1569 »Β
931 1484 1343 1549 anamma
1371 1481 1696 1547 Zabaoth
1723 1481 1794 1545 in
1825 1488 2231 1564 perpetuum
2259 1481 2540 1548 domino
2571 1493 2812 1551 nostro

706 1586 921 1652 Ihesu
952 1584 1271 1651 Christo!
1344 1582 1718 1658 Uniuersa,
1755 1582 2046 1659 scilicet,
2073 1582 2475 1647 diuitiarum
2511 1584 2810 1651 facultas

704 1695 773 1753 et
824 1685 1226 1768 temporalis
1278 1702 1493 1765 gazae
1547 1682 1919 1765 possessio,
1973 1702 2151 1765 quae
2201 1684 2806 1765 praedecessorum

703 1788 913 1851 anxie
962 1784 1352 1849 sollicitudo
1404 1802 1529 1865 per
1578 1782 1920 1846 indefessa
1974 1781 2290 1847 laborum
2345 1785 2810 1851 emolumenta

700 1888 1032 1962 lucratur,
1098 1902 1225 1967 pro
1297 1883 1525 1948 dolor!
1604 1882 1888 1946 incertis
1959 1880 2391 1962 haeredibus,
2459 1885 2807 1950 interdum

702 1987 964 2069 optatis
1013 2002 1221 2066 saepe
1271 1983 1529 2059 exosiS,
1576 1982 2100 2065 derelinquitur.
2207 1982 2807 2063 Quemadmodum

702 2083 1261 2170 psalmigraphus
1297 2083 1734 2165 inprouidam
1777 2081 2060 2147 humani
2100 2084 2376 2165 generis
2419 2086 2804 2151 socordiam

704 2203 1131 2268 conquerens
1154 2184 1488 2266 increpat,
1525 2188 1544 2217 ‘
1567 2183 2047 2260 Thesaurizat,
2083 2191 2154 2248 et
2190 2184 2468 2266 ignorat
2498 2186 2611 2249 cui
2645 2207 2808 2251 con-

702 2293 952 2369 gregat
994 2304 1082 2349 ea
1102 2308 1121 2359 ;
1138 2285 1156 2310 '
1200 2303 1466 2347 necnon
1509 2302 1733 2365 sagax
1790 2282 2068 2347 diuinae
2111 2285 2448 2349 sermonis
2490 2287 2808 2370 sophista

700 2386 1156 2468 coelestisque
1174 2383 1632 2448 bibliothecae
1656 2384 1914 2448 ianitor
1936 2386 2222 2448 metrica
2239 2384 2566 2451 facundia
2581 2387 2802 2453 fretus

703 2486 1111 2553 catalectico
1144 2484 1395 2549 cecinit
1424 2503 1654 2550 uersu.
1728 2482 2178 2568 Quapropter
2205 2504 2336 2568 ego
2369 2486 2652 2571 Eadgar
2681 2506 2806 2554 rex

710 2587 1093 2670 Anglorum
1116 2592 1684 2667 caeterarumque
1700 2586 2014 2666 gentium
2036 2586 2108 2648 in
2125 2587 2414 2652 circuitu
2438 2589 2808 2670 persisten-

702 2689 901 2766 tium,
930 2686 1279 2770 quoddam
1322 2686 1501 2748 ruris
1552 2685 1983 2767 praediolum
2037 2699 2139 2752 .X.
2169 2687 2432 2752 scilicet
2465 2699 2806 2770 cassatas,

702 2789 814 2854 cui
860 2787 1187 2854 solicolae
1227 2785 1512 2850 huiusce
1556 2785 1958 2868 prouinciae
1999 2786 2362 2870 antiquum
2409 2788 2805 2858 indiderunt

704 2889 1120 2956 uocabulum
1142 2892 1235 2950 aet
1258 2884 1749 2969 Lhincgelade,
1765 2886 2040 2950 cuidam
2063 2894 2420 2953 matronae
2439 2889 2806 2972 ingenuae,

702 3007 882 3073 quae
928 2987 1097 3051 mihi
1147 2985 1480 3051 affinitate
1531 2986 1904 3050 mundialis
1947 2988 2214 3052 cruoris
2256 2989 2626 3056 coniuncta
2671 3001 2804 3073 est,

702 3109 883 3172 quae
924 3090 1012 3152 ab
1056 3086 1257 3151 istius
1298 3088 1568 3169 patriae
1613 3087 1946 3167 gnosticis
1989 3088 2290 3170 eleganti
2337 3090 2634 3173 AElfgisu
2675 3111 2806 3177 ap-

702 3189 1001 3271 pellatur
1030 3186 1411 3264 uocamine,
1442 3205 1572 3270 pro
1607 3187 1938 3270 obsequio
1973 3187 2122 3252 eius
2157 3187 2604 3257 deuotissimo
2639 3213 2802 3276 per·-

698 3297 913 3372 petua
963 3287 1255 3369 largitus
1300 3307 1455 3350 sum
1501 3287 1947 3364 haereditate,
1991 3296 2069 3353 ut
2119 3290 2295 3371 ipsa,
2326 3289 2476 3355 uita
2523 3295 2801 3375 comite,
2839 3284 2848 3292 ’

702 3409 856 3453 cum
926 3389 1241 3452 omnibus
1304 3387 1740 3464 utensilibus,
1800 3390 2021 3470 pratis
2088 3390 2434 3468 uidelicet,
2499 3397 2800 3474 pascuis,

702 3490 919 3567 siluis,
954 3488 1105 3553 uoti
1132 3506 1417 3569 compos
1450 3486 1740 3562 habeat3
1790 3495 1860 3552 et
1903 3496 2064 3571 post
2108 3491 2296 3554 uitae
2347 3509 2514 3554 suae
2562 3497 2800 3559 termi-

704 3611 867 3654 num
904 3589 1451 3672 quibuscumque
1483 3587 1783 3652 uoluerit
1821 3589 2232 3653 cleronomis
2272 3591 2641 3661 immunem
2677 3595 2800 3660 de-

700 3690 1068 3772 relinquat.
1175 3688 1281 3752 Sit
1324 3693 1553 3752 autem
1613 3688 2036 3771 praedictum
2091 3710 2208 3753 rus
2252 3692 2436 3756 omni
2483 3699 2798 3761 terrenae

699 3789 1053 3855 seruitutis
1098 3789 1261 3870 iugo
1291 3788 1610 3864 liberum,
1645 3789 1866 3853 tribus
1897 3792 2231 3873 exceptiS,
2270 3799 2423 3856 rata
2471 3794 2795 3864 uidelicet

701 3889 1165 3974 expeditione,
1234 3887 1467 3970 pontis
1535 3889 1806 3952 arcisue
1868 3891 2393 3957 restauratione.
2499 3893 2573 3957 Si
2637 3899 2798 3978 quis

698 3992 913 4073 igitur
943 3989 1120 4053 hanc
1154 3996 1461 4053 nostram
1496 3988 1942 4053 donationem
1973 3990 2044 4053 in
2079 3989 2265 4054 aliud
2299 4009 2506 4074 quam
2534 3999 2796 4062 consti-

695 4093 953 4156 tuimus
995 4089 1365 4154 transferre
1409 4088 1733 4165 uoluerit,
1768 4090 2086 4171 priuatus
2121 4093 2466 4157 consortio
2507 4093 2796 4164 sanctae

691 4192 799 4256 dei
866 4191 1263 4268 aecclesiae,
1326 4190 1630 4254 aeternis
1694 4190 2005 4253 barathri
2073 4191 2408 4256 incendiis
2472 4194 2794 4279 lugubris
