3119 5026
880 445 1225 495 cHAR'rAn
1269 446 1509 494 ANoLo
1520 446 1965 497 SAxochn.
2382 432 2468 497 27

472 609 551 690 ›1‹
589 607 743 689 Ego
780 606 1063 690 Eadgar
1090 604 1480 689 Anglorum
1511 607 1816 671 basileus
1837 607 2307 672 corroboraui.
2381 609 2460 690 »1⁴

364 707 521 789 Ego
582 708 915 773 Dunstan
982 707 1545 791 archiepiscopus
1611 708 2034 774 confirmaui.
2172 710 2251 791 »1⁴
2318 707 2470 790 Ego

365 807 700 891 Oschytel
750 809 1309 892 archiepiscopus
1340 809 1808 874 corroboraui.
1922 811 2001 892 ›1‹
2046 807 2200 890 Ego
2249 807 2483 874 Oswlf

362 910 733 993 episcopus
770 907 1221 998 consolidaui.
1333 912 1413 992 ›1‹
1450 908 1605 990 Ego
1646 906 1875 974 A’sulf
1909 910 2278 994 episcopus
2310 928 2476 974 con-

364 1010 660 1076 firmaui.
776 1011 1055 1094 ›1‹,Ego
1091 1007 1478 1075 AEsselwold
1522 1010 1760 1074 abbas.
1875 1013 1954 1094 ›1‹
1997 1010 2150 1092 Ego
2199 1009 2474 1074 AElseah

364 1111 539 1176 dux·
615 1112 694 1193 »1⁴
733 1111 891 1194 Ego
918 1110 1289 1177 AE’Selstan
1325 1109 1498 1176 dux.
1573 1112 1652 1193 ›1‹
1699 1110 1854 1193 Ego
1887 1111 2281 1176 AE’Selwold
2307 1111 2474 1176 dux.

373 1214 452 1295 ›1‹
508 1211 662 1294 Ego
701 1212 1030 1278 AElfwine
1073 1213 1406 1278 minister.
1541 1212 1622 1292 ›1‹
1669 1211 1824 1294 Ego
1867 1211 2178 1276 AEvelsie
2237 1212 2474 1276 minis-

365 1319 495 1376 ter.
605 1313 692 1397 ›1‹
744 1312 899 1397 Ego
942 1313 1195 1378 Eadric
1238 1312 1574 1378 minister.
1688 1315 1768 1395 ›1‹
1809 1312 1965 1396 Ego
2013 1311 2314 1378 Ealdred
2348 1313 2474 1377 mi·

361 1413 605 1477 nister.

462 1511 726 1579 Rubrio.
790 1513 923 1581 Dis
952 1514 1012 1578 is
1044 1518 1157 1578 {5ae
1184 1504 1483 1580 landbssc
1510 1520 1588 1578 at
1618 1513 2044 1596 Ytingstoce
2069 1519 2160 1581 ’Ge
2195 1501 2480 1596 E‘adgar

364 1614 531 1697 cing
563 1605 924 1698 gebo'code
954 1605 1106 1680 into
1144 1615 1361 1680 Ealde
1394 1621 1728 1698 mynstre.
2012 1655 2018 1660 —

1126 1914 1737 1981 Mccxxvm.

1109 2032 1554 2146 mincia,
1599 2065 1753 2132 960.

476 2219 567 2304 ἧς
628 2215 1069 2282 Commium
1130 2235 1259 2281 nos
1320 2235 1564 2282 sacrae
1623 2214 2060 2280 auctoritatis
2111 2215 2479 2299 scriptura,

372 2320 640 2396 dicens,
669 2323 690 2352 ‘
716 2317 967 2383 Nudus
1002 2336 1323 2400 egressus
1354 2336 1508 2382 sum
1544 2317 1632 2381 de
1663 2323 1862 2381 utero
1897 2315 2140 2380 matris
2171 2335 2390 2394 meae,
2412 2324 2483 2382 et

373 2422 607 2485 nudus
642 2425 952 2482 reuertar
983 2418 1151 2482 illuc
1173 2419 1224 2499 3'
1278 2424 1349 2482 et
1382 2418 1659 2494 iterum,
1707 2421 1728 2452 ‘
1753 2415 1989 2481 Nichil
2017 2416 2378 2482 intulimus
2407 2418 2480 2481 in

375 2522 565 2586 hunc
604 2520 957 2596 mundum,
986 2539 1227 2585 uerum
1266 2538 1393 2584 nec
1442 2520 1531 2583 ab
1583 2538 1665 2583 eo
1707 2517 1978 2584 auferre
2019 2518 2184 2602 quid
2229 2520 2486 2602 poteri-

372 2623 577 2687 mus.'
684 2621 1133 2704 Quapropter
1177 2618 1427 2684 lubrici
1465 2626 1872 2703 potentatus
1923 2639 2063 2684 non
2101 2620 2480 2698 immemor,

374 2744 515 2806 ego
581 2722 890 2803 Eadgar,
946 2720 1226 2786 Christo
1276 2720 1694 2802 conferente,
1745 2739 1869 2785 rex
1931 2725 2002 2784 et
2052 2719 2484 2802 primicerius

374 2824 607 2891 tocius
690 2820 1010 2887 Albionis
1080 2821 1277 2903 regni
1354 2820 1712 2903 fastigium
1784 2818 2027 2884 humili
2053 2829 2060 2836 ·
2083 2821 2486 2902 praesidens

376 2926 635 3001 animo,
666 2925 755 2989 ob
783 2922 1403 2989 remunerationem
1433 2922 1716 2987 maioris
1749 2920 2059 3004 praemii,
2093 2920 2485 3004 aliquantu-

374 3027 521 3093 lam
563 3026 747 3089 ruris
791 3024 1202 3108 particulam
1238 3023 1505 3088 nicenis
1542 3029 2013 3106 comparatam
2047 3023 2339 3087 cassatis
2373 3023 2487 3087 cui

362 3125 801 3196 ⁸uocabulum
838 3132 1031 3189 certa
1056 3124 1555 3207 astipulatione
1589 3126 1935 3207 Draegtun
1985 3123 2358 3207 profertur,
2393 3124 2484 3189 ad

376 3227 791 3294 aecclesiam
850 3226 1099 3290 beatae
1162 3224 1436 3290 Mariae
1502 3225 1857 3307 genitricis
1884 3278 1890 3285 .
1917 3224 2029 3288 dei
2089 3243 2172 3288 ac
2228 3225 2486 3289 domini

378 3328 607 3395 nostri
642 3326 854 3392 Ihesu
887 3325 1173 3404 Christi,
1213 3326 1287 3389 in
1317 3326 1471 3389 loco
1503 3326 1625 3409 qui
1662 3326 1924 3390 dicitur.
1942 3322 2363 3404 Abbandun,
2393 3326 2484 3390 ad

379 3448 553 3495 usus
586 3427 841 3493 ibidem
870 3426 1165 3492 fratrum
1191 3426 1322 3491 deo
1354 3426 1796 3491 seruientium
1834 3424 2128 3491 libenter
2161 3427 2484 3507 concede,

384 3532 761 3596 obsecrans
804 3535 877 3593 et
918 3527 1347 3613 praecipiens
1387 3528 1461 3592 in
1497 3528 1780 3592 nomine
1826 3525 2108 3603 Christi,
2160 3534 2240 3591 ut
2284 3547 2484 3593 nemo

383 3649 862 3697 successorum
904 3635 1324 3705 nostrorum,
1367 3627 1742 3711 superioris
1791 3627 1905 3691 uel
1942 3627 2281 3691 inferioris
2323 3647 2484 3711 gra-

384 3734 539 3811 duS,
574 3731 706 3795 hoc
740 3737 1019 3795 nostrae
1062 3728 1453 3794 deuotionis
1493 3730 1746 3793 donum
1791 3729 2025 3811 aliquo
2070 3729 2484 3795 temeritatis

386 3834 827 3917 aliquatenus
864 3830 1201 3895 instinctu
1242 3830 1648 3913 disrumpat.
1753 3827 2276 3893 Praedictarum
2307 3830 2487 3896 enim

390 3952 789 3999 mansarum
840 3947 1001 3997 ‚xx.
1042 3930 1331 4008 scilicet,
1366 3937 1658 4013 patruus
1702 3948 1897 3993 meus
1946 3928 2302 3995 Eadredus
2338 3952 2488 4012 reat,

389 4035 510 4100 uni
539 4033 804 4119 pridem
841 4031 1045 4096 militi
1074 4032 1354 4109 deuote,
1390 4030 1798 4095 Eaduuoldo
1833 4030 2132 4107 nomine,
2163 4032 2237 4095 in
2268 4040 2490 4097 aeter-

388 4156 549 4200 nam
577 4133 874 4216 largitus
918 4140 1025 4197 est
1062 4132 1580 4208 haereditatem,
1615 4138 1687 4196 et
1732 4138 1978 4213 postea
2025 4132 2178 4215 ipso
2216 4132 2356 4197 iam
2398 4154 2490 4199 ex

391 4238 519 4303 hac
548 4238 701 4303 uita
726 4234 1069 4316 migrante
1090 4234 1311 4299 eidem
1343 4230 1652 4298 restituit
1673 4232 2028 4297 coenobio.
2119 4232 2225 4299 Sit
2259 4241 2491 4302 autem
