3119 5026
873 442 1219 492 cHAR'rAn
1266 443 1962 494 Anonosnxomcsu.
2381 432 2470 496 55

354 618 481 681 per
522 601 997 666 testimonium
1047 601 1431 684 Eadgyuae
1487 601 1766 682 reginae
1815 607 1888 666 et
1933 601 2198 668 Odonis
2241 603 2466 668 archi-

350 701 663 783 episcopi
691 709 763 766 et
798 701 1071 784 AElfegi.
1091 701 1217 765 filii
1256 701 1588 765 AElfstani
1621 707 1693 765 et
1733 701 2008 766 AElfrici
2049 702 2282 768 fratris
2311 703 2462 768 eius

354 806 426 862 et
470 800 789 868 AElfnoffi
834 803 1241 884 cognomine
1286 800 1470 866 Pilia
1514 808 1586 866 et
1633 800 1988 866 Goduuini
2027 803 2114 866 de
2159 802 2462 868 Fecham

354 906 424 962 ct
458 899 747 966 Eadrici
782 903 868 966 de
923 902 1044 966 Ho
1088 909 1160 967 et
1208 901 1415 966 AElfsi
1464 901 1852 984 presbyteri
1899 901 1986 966 de
2030 902 2453 979 Croindene;

352 1005 423 1061 et
461 1000 739 1066 cuidam
776 1002 1184 1067 Wulfstauo
1222 1001 1559 1076 dederunt
1593 1017 1744 1067 .1.x.
1775 1019 2058 1066 mancas
2091 1003 2244 1067 auri
2279 1002 2461 1068 diui-

349 1099 510 1163 dere
532 1103 979 1185 pauperibuS,
1001 1121 1127 1186 pro
1152 1101 1515 1166 animabus
1532 1101 1678 1170 suis
1697 1127 1716 1176 ;
1767 1109 1840 1165 et
1859 1103 2132 1166 cuidam
2152 1103 2458 1184 Wulfsio

350 1201 765 1266 tantundem
808 1202 1117 1267 diuidere
1162 1222 1289 1285 pro
1324 1203 1688 1266 animabus
1723 1219 1982 1279 eorum,
2016 1209 2090 1266 et
2123 1221 2278 1266 cum
2325 1203 2459 1267 deo

346 1309 571 1381 agant
599 1301 928 1368 iudicium
964 1303 1097 1366 nisi
1133 1301 1431 1367 fideliter
1468 1301 1776 1366 fecerint.
1884 1301 2034 1384 Ego
2069 1302 2456 1367 Brihtricus

344 1417 471 1480 pro
526 1401 641 1464 dci
692 1420 927 1468 amore
956 1422 1148 1484 rogo
1192 1403 1539 1467 dominum
1585 1421 1812 1466 meum
1861 1401 2333 1467 dulcissimum
2376 1411 2456 1468 ut

344 1499 485 1564 ista
511 1509 755 1566 nostra
796 1504 1079 1568 donatio
1117 1503 1540 1567 inuiolabilis
1584 1510 2014 1585 permaneat,
2051 1521 2180 1566 nec
2221 1522 2378 1567 eam
2410 1521 2457 1566 a

344 1617 701 1683 quoquam
770 1603 1019 1667 uiolari
1078 1603 1462 1687 permittat.
1585 1601 1918 1666 Similiter
1982 1620 2310 1684 rogamus
2363 1610 2456 1667 et

342 1701 647 1780 petimus
682 1721 921 1768 omnes
954 1703 1215 1767 amicos
1262 1703 1375 1766 dei
1405 1702 1734 1785 quatinus
1769 1701 1966 1765 uobis
1996 1701 2348 1766 adiutores
2382 1700 2456 1764 in

340 1799 473 1863 hac
544 1821 621 1865 re
688 1804 1018 1868 existant.
1164 1803 1258 1868 Et
1297 1801 1728 1884 -quicunque
1770 1820 1952 1867 ,eam
2017 1802 2456 1885 aliquatenus

342 1900 613 1964 uiolare
646 1904 1263 1986 praesumpserint,
1298 1904 1387 1970 ab
1418 1903 1572 1985 ipso
1603 1901 1881 1966 domino
1917 1899 2195 1966 Christo
2229 1901 2454 1966 iudice

342 2008 703 2066 aeternum
759 2005 1101 2086 recipiant
1156 2003 1511 2068 iudicium.
1618 2002 1711 2065 Et
1771 2002 1892 2084 qui
1943 2021 2097 2066 eam
2155 2001 2454 2068 inuiola-

342 2101 549 2164 bilem
598 2105 1195 2182 conseruauerint,
1244 2104 1457 2168 deum
1508 2101 1640 2166 sibi
1685 2102 1990 2166 sentiant
2033 2101 2246 2168 affore
2294 2121 2452 2186 pro-

343 2201 616 2282 pitium.

1028 2424 1035 2430 ’
1148 2419 1662 2486 MCCXLIII.

1076 2541 1521 2649 EADGAR,
1565 2571 1724 2637 963.

452 2707 534 2786 >1⁴
572 2703 841 2769 Anum
892 2704 1329 2770 auctoritatis
1372 2701 1808 2786 agiographa
1847 2718 1974 2765 nos
2004 2700 2450 2765 altibohando

342 2806 745 2870 corroborat
818 2805 1077 2883 dicem,
1136 2810 1157 2839 ‘
1180 2804 1433 2869 Nudus
1490 2822 1812 2885 egressus
1875 2820 2028 2865 sum
2091 2820 2184 2864 ex
2249 2807 2448 2864 utero

340 2906 585 2970 matris
634 2924 854 2981 meae,
902 2914 973 2969 et
1005 2904 1237 2969 nudus
1284 2910 1596 2968 reuertar
1639 2902 1880 2977 illuc;’
1935 2899 2220 2968 ‘Nichil
2257 2899 2445 2963 intu-

340 3005 549 3070 limus
582 3006 657 3069 in
701 3005 882 3069 hunc
911 3005 1265 3082 mundum,
1300 3024 1541 3068 uerum
1585 3024 1712 3067 nec
1747 3003 1836 3067 ab
1865 2999 2250 3065 eo.auferre
2278 2998 2446 3081 quid

340 3106 771 3188 poterimus?
878 3104 1329 3188 Quapropter
1358 3124 1491 3187 ego
1524 3102 1807 3185 Eadgar
1856 3101 2082 3167 tocius
2112 3100 2450 3183 Bryttan-

339 3207 497 3270 niae
531 3205 863 3283 basileus,
900 3206 1249 3289 quandam
1292 3203 1562 3268 telluris
1597 3202 2006 3287 particulam
2045 3218 2224 3265 xm.
2255 3199 2446 3264 uide-

336 3306 501 3369 licet
548 3313 888 3382 cassatos,
921 3306 1075 3370 loco
1107 3306 1227 3389 qui
1276 3303 1527 3369 celebri
1573 3311 1669 3367 aet
1699 3299 2148 3367 Embresham
2183 3319 2447 3365 nuncu-

338 3413 551 3488 patur
586 3406 954 3482 uocabulo,
987 3405 1264 3469 domino
1296 3411 1534 3468 nostro
1570 3403 1784 3467 Ibesu
1815 3399 2094 3475 Christo
2125 3407 2447 3465 sauctae-

337 3524 473 3588 que
542 3506 690 3569 eius
745 3505 1119 3569 aecclesiae
1172 3506 1377 3569 beato
1423 3502 1746 3567 Andreae
1807 3501 2125 3584 apostolo
2175 3500 2447 3564 dicatae

337 3606 492 3671 loco
542 3606 665 3689 qui
702 3606 959 3670 celebri
1008 3614 1101 3671 aet
1158 3605 1413 3669 Meone
1466 3610 1908 3686 nuncupatur
1959 3607 2303 3675 onomate,
2355 3597 2446 3661 ad

340 3725 511 3769 usus
544 3724 905 3769 seruorum
926 3706 1038 3769 dei
1056 3704 1227 3769 inibi
1257 3705 1678 3787 degentium,
1709 3722 1870 3767 cum
1899 3700 2215 3766 omnibus
2244 3705 2444 3764 uteu-

338 3805 605 3883 silibuS,
653 3806 875 3889 pratis
914 3806 1258 3882 uidelicet,
1301 3805 1605 3887 pascuis»,
1651 3803 1869 3878 siluiS,
1913 3807 2195 3864 aeterna
2234 3798 2447 3879 largi-

344 3914 455 3969 tus
488 3925 647 3969 sum
681 3905 1134 3971 haereditate.
1237 3904 1346 3968 Sit
1379 3912 1611 3969 autem
1654 3901 2081 3986 praedictum
2111 3918 2230 3963 rus
2259 3898 2446 3963 omni

338 4013 653 4071 terrenae
698 4006 1055 4070 seruitutis
1096 4006 1263 4087 iugo
1296 4005 1613 4080 liberum,
1653 4002 1874 4067 tribus
1920 4000 2255 4082 exceptis,
2293 4006 2448 4063 rata

342 4106 667 4170 uidelicet
737 4105 1202 4189 expeditione,
1276 4105 1511 4186 pontis
1580 4102 1850 4166 arcisue
1921 4099 2446 4164 restauratione.

342 4205 413 4271 Si
447 4206 609 4290 quis
638 4203 855 4289 igitur
884 4204 1063 4269 hanc
1090 4210 1399 4269 nostram
1428 4202 1871 4268 donationem
1901 4200 1972 4264 in
2017 4199 2206 4265 aliud
2236 4216 2443 4280 quam
