3119 5026
687 427 818 494 126
1184 446 1530 494 cnam-An
1572 445 2263 495 Anumssxomcsn.

687 624 810 672 seu
865 607 939 670 in
993 624 1124 671 sua
1185 605 1623 691 possessione
1682 614 1811 671 aut
1870 605 2156 670 seruitio
2220 602 2454 668 debito
2516 603 2793 686 priuare

618 758 626 766 .
691 707 1160 790 temptauerit,
1199 707 1348 790 ipse
1395 713 1637 771 nostra
1677 706 1999 790 omnique
2040 704 2519 770 benedictione
2566 703 2677 768 dei
2724 711 2795 767 et

691 813 1088 873 sanctorum
1135 808 1283 872 eius
1326 808 1661 891 priuetur,
1712 807 1845 870 nisi
1889 805 2423 891 profundissima
2470 805 2792 869 emenda-

691 907 880 972 tione
923 906 1097 971 illud
1143 907 1490 989 corrigere
1531 907 1813 972 studeat
1852 913 1926 971 et
1968 906 2056 970 ad
2106 906 2473 989 pristinum
2526 913 2793 970 statum

691 1005 878 1090 quod
901 1005 1344 1074 defraudauit
1365 1008 1660 1091 religat,
1686 1007 2017 1089 scriptum
2051 1014 2160 1071 est
2192 1007 2422 1083 enim,‘
2439 1006 2793 1088 Raptores

691 1113 764 1172 et
805 1109 1128 1192 sacrilegi
1189 1129 1480 1192 regnum
1545 1110 1659 1174 dei
1710 1127 1848 1174 non
1901 1106 2454 1190 consequentur.'
2582 1105 2793 1170 Nunc

689 1215 922 1274 autem
981 1218 1272 1294 propter
1330 1210 1534 1274 deum
1586 1217 1659 1275 et
1708 1215 2019 1273 sanctam
2070 1207 2395 1284 Mariam,
2458 1205 2531 1269 in
2592 1207 2793 1271 cuius

689 1309 966 1378 nomine
1009 1309 1141 1375 hoc
1185 1310 1681 1375 monasterium
1710 1309 2016 1374 dicatum
2048 1315 2180 1385 est,
2208 1326 2459 1372 moneo
2488 1313 2564 1371 et
2588 1325 2793 1390 prae-

689 1408 898 1492 cipio,
931 1417 1011 1475 ut
1041 1409 1232 1474 nullo
1259 1411 1464 1475 modo
1491 1412 1649 1494 quis
1680 1409 1811 1474 hoc
1842 1409 2329 1492 praeuaricare
2355 1408 2637 1484 audeat,
2666 1407 2789 1472 sed

687 1509 872 1575 sicut
903 1529 948 1575 a
979 1511 1177 1575 nobis
1204 1517 1541 1576 statutum
1576 1517 1705 1589 est,
1734 1517 1817 1575 ut
1848 1509 2144 1594 praefati
2174 1527 2435 1585 sumuS,
2466 1513 2793 1591 perpetu-

690 1609 895 1675 aliter
951 1618 1247 1675 maneat.
1382 1610 1522 1691 Qui
1590 1611 2011 1686 custodierit,
2071 1608 2261 1674 omni
2311 1607 2791 1673 benedictione

689 1709 1080 1794 repleatur3
1129 1711 1248 1795 qui
1289 1729 1459 1776 uero
1503 1709 1913 1793 infringerit,
1958 1710 2409 1775 maledicetur
2436 1729 2480 1774 a
2508 1707 2789 1772 domino

690 1815 762 1874 et
793 1811 884 1874 ab
917 1810 1236 1876 omnibus
1261 1812 1548 1890 sanctis,
1584 1811 1831 1877 Amen.
1932 1809 2337 1887 Gratanter,
2370 1809 2787 1873 reuerentis-

691 1910 866 1974 sime
896 1910 1196 1989 domine,
1227 1931 1368 1994 quo
1395 1913 1612 1977 tantis
1645 1919 1809 1976 tuae
1852 1909 2051 1974 d‘onis
2080 1909 2508 1988 clementiae,
2544 1927 2787 1973 secun-

690 2007 853 2074 dum
888 2011 1070 2094 quod
1125 2011 1340 2076 totius
1385 2011 1717 2078 creatoris
1766 2011 1986 2075 cosmi
2028 2018 2134 2074 est
2184 2009 2388 2085 uelle,
2431 2009 2787 2092 praeditus

692 2127 872 2188 sum,
905 2129 1106 2176 meae
1135 2130 1416 2194 operam
1449 2111 1857 2188 uoluntatiS,
1892 2117 1973 2175 ut
2008 2129 2137 2193 pro
2167 2117 2239 2173 te
2270 2109 2549 2192 tuisque
2582 2109 2786 2173 deum

691 2209 949 2292 iugiter
974 2211 1430 2295 interpellem,
1465 2213 1763 2278 deuotus
1804 2210 2221 2294 impendam,
2270 2227 2601 2292 meosque
2629 2228 2786 2274 suc-

691 2329 1001 2376 cessores
1029 2312 1118 2376 ad
1160 2312 1293 2378 hoc
1336 2313 1600 2378 hortari
1630 2311 1946 2390 studebo,
1990 2318 2072 2376 ut
2109 2310 2369 2376 domini
2398 2310 2781 2375 misericor·

689 2409 876 2476 diam
919 2431 1046 2495 pro
1076 2420 1148 2476 te
1177 2413 1530 2496 deprecari
1574 2432 1711 2478 non
1753 2411 2095 2490 desinant,
2144 2419 2223 2476 ut
2258 2410 2579 2476 Christus
2613 2429 2785 2494 pace

690 2511 813 2595 qui
855 2511 1187 2595 perhenni
1230 2522 1478 2596 regnat
1521 2513 1817 2579 aethrali
1858 2513 1933 2578 in
1966 2532 2125 2577 arce
2159 2518 2229 2577 te
2256 2512 2608 2577 consortio
2641 2511 2789 2594 dig-

693 2630 858 2675 num
931 2612 1168 2677 haberi
1243 2612 1569 2696 dignetur
1638 2616 2034 2678 sanctorum
2100 2612 2401 2677 omnium
2474 2613 2550 2675 in
2628 2612 2789 2677 aula

689 2712 1002 2780 coelesti.
1089 2712 1346 2779 Ualeat
1377 2716 1451 2779 in
1495 2734 1748 2781 aeuum
1795 2714 1917 2797 qui
1963 2714 2093 2777 hoc
2136 2711 2481 2777 studuerit
2508 2730 2787 2777 seruare

690 2812 1062 2880 decretum.
1167 2813 1442 2880 Harum
1492 2822 1733 2880 textus
1778 2813 2224 2896 epistolarum
2278 2819 2423 2876 tres
2478 2820 2643 2877 sunt
2698 2812 2785 2876 ad

686 2915 1320 2995 praetitulationem
1373 2924 1444 2981 et
1489 2916 1577 2981 ad
1626 2916 1927 2996 signum,
1977 2929 2117 2977 una
2168 2913 2240 2977 in
2289 2914 2446 2995 ipsa
2496 2913 2785 2977 ciuitate

687 3032 870 3095 quae
927 3021 1220 3079 uocatur
1284 3015 1848 3098 Uuigraceaster,
1914 3012 2135 3077 altera
2194 3032 2351 3077 cum
2410 3012 2787 3078 uenerabili

687 3113 1059 3178 Dunstano
1131 3113 1649 3200 archiepiscopo
1720 3116 1792 3178 in
1869 3112 2268 3191 Cantuaria,
2346 3114 2556 3178 tertia
2630 3134 2783 3178 cum

685 3212 1154 3278 AEveluuoldo
1183 3215 1508 3299 episcopo
1535 3218 1609 3281 in
1642 3215 2023 3279 Uuintonia
2052 3212 2356 3279 ciuitate.

781 3310 1042 3379 Rubrio.
1148 3314 1539 3381 Indiculum
1590 3314 1933 3381 libertatis
1998 3316 2085 3379 de
2140 3314 2503 3380 Oswaldes
2569 3312 2783 3379 lawes

679 3412 1017 3479 hundred.
2076 3442 2097 3459 ο

1354 3628 2112 3700 Mchxxxvlll.

1255 3782 1776 3861 AEDELRED,
1819 3782 2207 3847 965-993.

789 3924 880 4009 »Β
897 3918 1058 3991 Dus
1087 3912 1348 3988 wffiron
1375 3922 1474 3983 'dia
1499 3935 1673 3981 seox
1696 3915 1959 3999 sulung
1982 3922 2075 3980 aet
2090 3902 2513 3979 Wuldah‘am
2546 3921 2786 3979 sancte

683 4021 965 4087 Andrea
1004 4024 1286 4104 geseald
1329 4010 1482 4085 into
1525 4016 2076 4081 Hrofesceastre.
2180 4012 2603 4097 AEtielbryht
2636 4015 2785 4078 cinc

684 4124 789 4188 hit
829 4112 1183 4204 gebficode
1213 4110 1382 4188 §am
1426 4118 1743 4201 apostole
1781 4137 1873 4181 on
1916 4107 2041 4181 e‘ce
2090 4115 2241 4199 yrfe
2296 4112 2433 4179 and
2485 4104 2785 4180 betffehte

681 4224 786 4287 hit
812 4211 978 4287 &am
1024 4222 1304 4306 biscope
1351 4209 1685 4287 E‘ardulfe
1719 4208 1795 4284 tf)
1826 4218 2213 4283 bewitenne
2250 4216 2387 4279 and
2422 4214 2531 4279 his
2562 4215 2786 4279 aefter·-
