3119 5026
822 469 1177 518 anu'tAn
1228 469 1928 520 ancnosaxomcffl.
2351 456 2440 522 47

320 625 595 701 animae
639 627 1077 692 commodum
1119 627 1533 710 deputamus
1579 635 1884 708 nostrae,
1931 630 2102 713 quin
2148 629 2438 713 praede*

320 732 671 791 cessorum
704 734 1099 792 nostrorum
1130 729 1405 793 decreto
1433 728 1808 809 firmemus,
1839 730 1970 796 hoc
1997 730 2442 796 aeternaliter

318 832 704 893 statuentes
766 835 850 894 ut
908 828 1105 912 impii
1164 830 1422 912 quique
1498 849 1541 894 a
1603 831 1990 914 priuilegiis
2064 831 2440 915 praedictis

322 925 607 993 Christo
667 930 941 995 tonanti
991 929 1159 1013 quid
1220 929 1636 1009 auferentes,
1685 933 1816 996 sub
1875 932 2338 997 anathemate·
2367 932 2442 996 in

321 1035 683 1094 aeternum
728 1021 888 1096 cum
930 1030 1215 1096 diabolo
1246 1032 1649 1114 puniantur.
1755 1031 1902 1112 Qui
1929 1053 2100 1098 uero
2130 1033 2312 1099 hanc
2363 1031 2442 1097 li-

318 1128 673 1196 bertatem.
696 1131 1016 1214 augendo
1051 1131 1433 1197 firmauerit
1466 1133 1806 1211 illaesam,
1841 1134 2152 1217 piissimo
2197 1134 2445 1199 lib'ere-

318 1235 433 1292 tur
468 1251 515 1294 a
551 1231 858 1311 domino,
889 1252 1049 1296 cum
1082 1233 1467 1298 nouissima
1495 1235 1883 1300 insonuerit
1915 1236 2109 1313 tuba,
2145 1235 2440 1300 reddens

318 1331 575 1415 cuique
608 1333 989 1398 secundum
1020 1351 1233 1417 opera
1268 1353 1421 1400 sua.

1036 1628 1738 1698 mccxxxvln.

1057 1752 1713 1859 EKDGKR,fflffl.

430 1931 517 2012 >1⁴
555 1927 885 1994 lemswo
918 1929 1083 1995 theo
1113 1930 1185 1994 in
1221 1930 1656 1996 saeculorum
1687 1932 1971 1999 saecula
2000 1933 2268 1999 coelum
2301 1943 2440 2000 ter·-

322 2049 621 2112 ramque
650 2032 972 2112 regente!
1066 2030 1469 2096 Humanum
1501 2051 1720 2114 genus
1755 2033 1842 2096 ab
1875 2042 2033 2099 ortu
2067 2053 2197 2099 suo
2227 2034 2440 2102 fluere

320 2149 555 2213 usque
604 2130 695 2194 ad
748 2133 1039 2195 mortem
1095 2131 1477 2198 deficiendo
1532 2133 1838 2199 uidem-.-
1937 2133 2070 2198 Sed
2107 2136 2264 2217 pius
2291 2156 2439 2200 om-

320 2231 515 2298 nium
556 2232 897 2296 uirtutum
934 2240 1230 2310 amator,
1274 2233 1394 2315 qui
1435 2252 1564 2297 nos
1599 2235 1790 2316 cupit
1834 2233 2146 2300 deuitare
2182 2237 2439 2302 malum

318 2332 721 2415 sectarique
753 2334 1031 2408 bonum,
1066 2333 1323 2398 cotidie
1351 2332 1437 2398 de
1466 2333 1907 2400 lacrimarum
1943 2334 2130 2400 ualle
2163 2336 2250 2400 ad
2281 2357 2439 2402 coe-

318 2433 535 2498 lestia
562 2451 779 2516 regna
800 2452 997 2516 quae
1020 2442 1417 2500 nostrarum
1454 2436 1786 2500 mentium
1815 2455 2062 2500 sensus
2088 2436 2440 2504 excedunt

318 2534 419 2599 ire
436 2534 799 2600 foeliciter
824 2542 1191 2614 monstrat,
1226 2535 1393 2623 quia
1432 2542 1715 2603 aeterna
1755 2543 2152 2604 sanctorum
2181 2539 2440 2621 gaudia

320 2655 515 2700 nunc
562 2636 987 2718 cogitatione
1031 2637 1379 2720 penetrari
1424 2644 1738 2719 possunt.
1843 2637 2046 2707 Unde
2089 2660 2220 2722 ego
2257 2640 2440 2707 Ead-

322 2756 457 2817 gar
480 2754 615 2803 rex
643 2734 1057 2819 Anglorum,
1077 2736 1352 2804 cuidam
1383 2756 1537 2803 meo
1570 2738 2094 2805 fideli³ministro
2128 2741 2439 2806 uocitato

324 2838 615 2903 nomine
660 2836 997 2901 Eadwine
1044 2854 1205 2905 .xx.
1250 2857 1529 2909 mansas
1575 2840 2072 2923 perpetualiter
2101 2842 2440 2920 concedo,

322 2937 475 3003 illic
506 2938 627 3002 ubi
658 2934 985 3020 Anglica²
1010 2938 1475 3023 appellatione
1509 2939 1764 3008 dieitur
1783 2947 1914 3009 ‚aet
1953 2939 2324 3019 Mordnne‚
2359 2950 2439 3007 ut

326 3047 608 3105 terram·
633 3038 773 3103 iam
816 3038 1223 3121 praefatam,
1264 3059 1419 3105 meo
1463 3040 1728 3107 scilicet
1763 3047 2032 3109 ouante
2082 3061 2437 3121 concessu,

325 3139 729 3205 tramitibus
758 3158 926 3204 suae
948 3141 1313 3223 ,possideat
1350 3141 1576 3221 uitam
1623 3140 1947 3225 deinceps
1977 3162 2276 3226 namque
2306 3144 2438 3209 sibi

326 3240 734 3306 succedenti
791 3240 1207 3324 cuicumque
1268 3241 1571 3305 uoluerit
1635 3241 1914 3311 haeredi
1979 3242 2439 3328 derelinquat,

326 3362 461 3408 ceu
514 3340 859 3424 praedixi,
910 3342 985 3405 in
1030 3350 1385 3418 aeternam
1431 3342 1950 3411 haereditatem.
2052 3343 2159 3409 Sit
2205 3354 2436 3411 autem

327 3442 766 3527 praedictum
816 3462 935 3506 rus
983 3442 1277 3508 liberum
1325 3442 1644 3529 ab-omni·
1665 3443 2020 3509 mundiali
2054 3446 2438 3533 obstaculo,

328 3564 489 3610 cum
508 3573 519 3604 s
536 3542 859 3609 omnibus
900 3557 1080 3626 quae
1124 3544 1215 3611 ad
1263 3544 1493 3626 ipsum
1540 3543 1792 3611 locum·
1821 3546 2162 3628 pertinere
2204 3546 2436 3613 dinos-

330 3653 615 3721 cuntur,
644 3650 788 3707 tam
824 3643 899 3707 in
931 3644 1200 3727 magnis
1230 3662 1439 3727 quam
1472 3644 1547 3712 in
1579 3644 1864 3709 modicis
1893 3647 2123 3722 rebus,
2149 3648 2436 3729 campis,

313 3746 639 3831 -pascuiS,
685 3744 927 3827 pratiS,
977 3744 1198 3823 siluis,
1239 3744 1387 3813 sine
1432 3745 1899 3827 expeditione,
1947 3754 2028 3811 et·
2060 3747 2292 3829 pontis
2328 3766 2439 3813 ar-

330 3848 525 3912 cisue
555 3844 1033 3931 instructione.
1064 3903 1071 3911 .
1140 3844 1626 3911 Minuentibus·
1659 3866 1827 3913 uero
1861 3853 2073 3929 atque
2115 3846 2436 3931 frangen-

334 3948 523 4015 tibus
592 3946 772 4011 hanc
831 3944 1301 4024 dona-tionem,
1352 3947 1537 4031 quod
1585 3953 1752 4030 opto
1773 3956 1786 4013 ἶ
1807 3947 1990 4011 absit
2039 3966 2083 4011 a
2134 3948 2436 4017 fidelium

330 4048 705 4123 mentibus,
740 4045 867 4111 fiat
909 4065 1073 4129 pars
1107 4065 1345 4112 eorum
1389 4068 1545 4112 cum
1589 4047 1730 4113 illis
1753 4047 1859 4111 -de
1897 4048 2150 4131 quibus
2195 4059 2440 4117 contra

334 4150 545 4228 fatur,
578 4154 601 4183 ‘
625 4146 984 4213 Discedite
1018 4168 1062 4212 a
1094 4166 1203 4213 me
1238 4148 1525 4230 maligni
1557 4148 1630 4211 in
1659 4148 1890 4231 ignem
1926 4157 2283 4217 aeternum
2317 4153 2437 4236 qui

329 4258 619 4334 paratus
678 4255 787 4313 est
842 4247 1145 4315 Satanae
1198 4256 1270 4313 et
1318 4248 1734 4315 satelliti-bus
1791 4248 1988 4329 eiuS,’
2037 4252 2170 4317 nisi
2221 4254 2436 4335 prius»,
