3119 5026
662 415 753 479 96
1210 405 1558 479 anR'r'An
1605 428 1846 477 Anam
1860 427 2302 477 snxomcffl.

674 592 753 671 ᾧ
796 589 948 671 Ego
998 588 1213 653 Osulf
1248 591 1616 672 episcopus
1669 586 2118 653 consdidaui.
2223 584 2302 665 ’Β
2351 582 2504 663 Ego
2549 580 2774 663 Wyn-

666 690 815 771 sige
847 690 1215 771 episcopus
1260 689 1610 764 roboraui,
1641 696 1774 752 etc.

1421 982 2008 1049 Mccnxvm.

1400 1103 2054 1210 Essncxn,ffim.

783 1282 860 1361 ›1‹
908 1278 998 1343 ΙΝ
1037 1278 1307 1343 nomine
1343 1278 1602 1342 domini
1644 1279 1862 1343 nostri
1917 1279 2128 1343 Ihesu
2162 1278 2462 1343 Christi!
2570 1276 2777 1340 Anno

668 1378 1048 1443 dominicae
1085 1380 1584 1443 incarnationis
1619 1395 2076 1444 .Dcccc.1.xx.
2109 1398 2239 1459 ego
2283 1378 2590 1459 Eadgar‚
2629 1396 2773 1439 om-

670 1478 1041 1543 nicreantis
1107 1477 1513 1563 disponente
1572 1478 1940 1543 clementia
1997 1476 2548 1561 Angligenarum
2629 1496 2780 1550 rex,

670 1577 910 1641 diuino
945 1577 1195 1641 ductus
1239 1597 1473 1642 amore
1520 1580 1610 1642 ab
1645 1578 1884 1643 eodem
1918 1578 2050 1641 deo
2095 1585 2166 1642 et
2213 1577 2493 1641 domino
2535 1581 2776 1641 nostro

671 1678 946 1760 populis
1007 1683 1079 1740 et
1132 1666 1449 1741 tribubus
1498 1678 2029 1760 praeordinatus
2085 1678 2158 1741 in
2203 1697 2459 1759 regem,
2503 1675 2776 1739 cuidam

674 1796 825 1841 meo
888 1775 1073 1839 fideli
1137 1777 1433 1842 diacono
1508 1778 1814 1842 uocitato
1885 1776 2156 1841 nomine
2221 1774 2552 1841 Brihteah
2626 1791 2775 1838 ΝΠ.

674 1895 949 1939 mansas
995 1877 1435 1945 aeternaliter
1484 1876 1810 1953 concedo,
1843 1875 1986 1940 illic
2031 1877 2146 1940 ubi
2194 1875 2498 1958 Anglica
2541 1873 2780 1957 appel-

672 1975 931 2039 latione
982 1974 1235 2039 dicitur
1287 1975 1692 2057 Cingestun,
1738 1985 1817 2039 ut
1871 1974 2122 2041 habeat
2173 1983 2386 2059 atque
2428 1974 2781 2058 possideat

672 2075 1004 2157 quamdiu
1076 2074 1311 2138 uitalis
1380 2075 1590 2140 flatus
1662 2094 1913 2159 corpus
1981 2076 2232 2140 aluerit
2307 2076 2536 2149 illius3
2618 2094 2774 2139 cum

672 2182 903 2238 autem
966 2192 1134 2237 suae
1188 2174 1659 2240 dissolutionis
1711 2175 2070 2240 aduenerit
2131 2176 2303 2253 dies,
2369 2175 2780 2257 cuicumque

672 2274 971 2339 uoluerit
1001 2273 1280 2338 haeredi
1310 2274 1745 2357 derelinquat
1775 2275 1848 2339 in
1879 2283 2230 2340 aeternam
2260 2274 2775 2341 haereditatem.

675 2374 963 2438 Maneat
1026 2373 1243 2455 igitur
1302 2394 1529 2439 meum
1596 2374 1728 2439 hoc
1789 2374 2114 2439 inmobile
2175 2376 2432 2441 donum
2493 2381 2779 2438 aeterna

669 2474 993 2540 libertate
1025 2474 1417 2552 iocundum,
1448 2494 1602 2540 cum
1645 2475 1982 2540 uniuersis
2013 2494 2192 2559 quae
2225 2474 2574 2559 pertinent
2621 2472 2777 2549 sibi,

672 2575 961 2656 campi3‚
1023 2575 1325 2656 pascuis,
1393 2575 1640 2657 pratis,
1705 2576 1856 2639 sine
1917 2576 2357 2658 expeditione
2419 2582 2487 2638 et
2546 2575 2779 2656 pontis

671 2673 938 2739 arcisue
996 2671 1515 2740 instauratione.
1621 2675 1694 2738 Si
1753 2676 1907 2758 quis
1965 2694 2132 2739 uero
2189 2674 2538 2740 hominum
2600 2673 2778 2737 hanc

673 2793 896 2839 meam
931 2774 1369 2840 donationem
1404 2795 1559 2839 cum
1605 2774 1944 2840 stultitiae
1978 2775 2367 2839 temeritate
2395 2773 2776 2859 iactitando

670 2873 1045 2956 infringere
1089 2876 1482 2952 certauerit,
1532 2876 1626 2939 sit
1682 2875 1834 2957 ipse
1876 2875 2207 2956 grauibus
2260 2895 2383 2956 per
2418 2874 2601 2937 colla
2657 2872 2775 2936 de·-

675 2993 955 3056 pressus
1026 2976 1289 3038 catenis
1368 2975 1549 3038 inter
1627 2973 2130 3040 fiammiuomas
2210 2981 2542 3038 tetrorum
2619 2972 2781 3036 dae-
2843 3021 2854 3032 .

678 3094 956 3137 monum
1024 3082 1365 3150 cateruaS,
1434 3074 1567 3138 nisi
1635 3073 1826 3156 prius
1895 3073 2006 3137 hic
2080 3072 2163 3136 ad
2235 3071 2777 3138 satisfactionem

674 3175 906 3236 uenire
942 3173 1258 3238 uoluerit.

788 3275 865 3354 ›1‹
932 3273 1087 3353 Ego
1146 3273 1425 3354 Eadgar
1490 3293 1618 3338 rex
1674 3272 2061 3354 Anglorum
2124 3275 2503 3356 praefatam
2563 3275 2782 3340 dona-

678 3372 933 3435 tionem
991 3373 1323 3436 concessi.
1469 3375 1548 3456 ,Β
1612 3374 1766 3454 Ego
1831 3373 2156 3438 Dunstan
2225 3375 2781 3458 archiepiscopus

675 3489 831 3536 cum
872 3471 1075 3552 signo
1120 3479 1399 3537 sanctae
1447 3473 1670 3536 crucis
1714 3474 2059 3538 roboraui.
2173 3477 2250 3556 ›1‹
2294 3475 2448 3556 Ego
2492 3474 2781 3539 Oscutel

678 3570 1235 3654 archiepiscopus
1270 3571 1574 3652 sigillum
1606 3573 1808 3652 agiae
1838 3574 2061 3637 crucis
2092 3574 2432 3655 impressi.
2515 3577 2592 3656 ›1‹
2624 3576 2778 3656 Ego

680 3669 1098 3735 AE'6eluuold
1163 3672 1527 3755 episcopus
1586 3672 2014 3754 consignaui.
2123 3674 2200 3753 ›1‹
2259 3674 2412 3755 Ego
2461 3673 2775 3738 AElfstan

677 3770 1041 3853 episcopus
1072 3769 1415 3852 adquieui.
1510 3773 1588 3852 ›1‹
1622 3771 1776 3852 Ego
1805 3771 2020 3836 Osult'
2033 3774 2400 3857 episcopus
2436 3775 2775 3839 consensi.

690 3871 767 3950 ›1‹
799 3869 951 3950 Ego
986 3868 1349 3934 AElfuuold
1384 3871 1751 3953 episcopus
1785 3871 2113 3936 conclusi.
2211 3875 2288 3954 ›1‹
2327 3874 2483 3956 Ego
2512 3873 2778 3938 AElfere

674 3971 841 4034 dux.
944 3971 1021 4050 ›1‹
1056 3968 1207 4051 Ego
1243 3967 1524 4036 AElfeah
1558 3971 1727 4036 dux,
1844 3973 1921 4052 ›1‹
1963 3972 2117 4052 Ego
2159 3972 2575 4037 AEveluuine
2607 3974 2770 4037 dux.

683 4070 770 4154 ›1‹
800 4069 951 4150 Ego
987 4068 1197 4134 Oslac
1241 4071 1406 4135 dux.
1523 4073 1601 4152 ›1‹
1643 4071 1798 4152 Ego
1839 4071 2181 4136 Brihtnov
2223 4073 2389 4138 duX.
2500 4075 2585 4158 ›1‹
2623 4074 2771 4154 Ego

679 4170 1019 4250 AEscuuig
1049 4173 1285 4235 abbas.
1400 4173 1477 4252 ›1‹
1511 4171 1666 4250 Ego
1699 4169 1932 4253 Osgar
1961 4173 2196 4236 abbas.
2312 4176 2389 4255 ›1‹
2425 4174 2578 4256 Ego
2602 4173 2768 4236 AElf-
