3119 5026
851 454 1199 503 ann'rAn
1246 455 1487 503 Anemo
1498 456 1935 506 SAxochss.
2349 442 2440 507 65

317 608 599 677 Christo
646 614 1045 679 conferente
1091 635 1217 679 rex
1262 622 1332 680 et
1375 617 1812 699 primicerius
1855 615 2077 681 tocius
2110 613 2432 679 Albionis

316 713 509 793 regni
543 713 907 797 fastigium
940 715 1185 780 humili
1216 716 1614 799 praesidens
1632 717 1887 793 animo,
1917 718 2006 780 ob
2035 734 2428 780 remunera-

315 811 569 875 tionem
616 816 903 879 maioris
946 817 1260 899 praemii,
1308 817 1812 899 aliquantulam
1880 817 2056 881 ruris
2120 816 2426 898 particu-

315 910 453 975 lam
501 930 665 979 .1111.
710 914 1035 981 uidelicet
1075 923 1413 994 cassatOS,
1452 917 1608 982 loco
1655 917 1776 999 qui
1817 916 2070 981 celebri
2099 922 2192 980 aet
2223 915 2428 981 East-

316 1010 541 1077 healle
576 1015 948 1097 profertur,
980 1017 1067 1081 ad
1102 1017 1508 1082 aecclesiam
1542 1018 1791 1083 beatae
1827 1016 2098 1081 Mariae
2137 1016 2423 1098 genitri-

309 1109 414 1176 ¹cis
444 1112 560 1178 dei
592 1134 677 1179 ac
711 1116 972 1180 domini
1005 1118 1223 1182 nostri
1260 1117 1473 1181 Ihesu
1508 1116 1767 1182 Christi
1799 1117 1870 1181 in
1910 1116 2065 1181 loco
2099 1117 2219 1200 qui
2253 1116 2424 1180 dici·

318 1220 429 1276 tur
450 1212 872 1293 Abbendun,
900 1216 984 1280 ad
1018 1238 1185 1283 usus
1213 1218 1465 1283 ibidem
1486 1217 1778 1282 fratrum
1813 1217 1945 1281 deo
1977 1217 2423 1282 seruientium

311 1312 611 1379 libenter
648 1318 974 1394 concedo,
1022 1320 1397 1383 obsecrans
1442 1326 1513 1383 et
1552 1317 1984 1402 praecipiens
2027 1318 2099 1381 in
2146 1317 2422 1381 nomine

316 1412 601 1492 Christi,
650 1424 730 1480 ut
788 1437 990 1483 nemo
1052 1438 1530 1483 successorum
1594 1425 1986 1483 nostrorum
2045 1418 2419 1501 superioris

314 1516 425 1578 uel
488 1514 835 1581 inferioris
886 1519 1145 1599 gradus
1200 1518 1332 1583 hoc
1393 1527 1668 1583 nostrae
1715 1516 2107 1583 deuotionis
2163 1518 2424 1581 donum

314 1615 555 1699 aliquo
622 1618 1031 1682 temeritatis
1094 1619 1533 1703 aliquatenus
1604 1619 1939 1683 instinctu
2011 1617 2418 1701 disrumpat.

314 1714 422 1779 Sit
478 1724 717 1780 autem
774 1717 1208 1800 praedictum
1262 1738 1382 1784 rus
1439 1718 1628 1784 omni
1689 1725 2005 1783 terrenae
2061 1718 2420 1783 seruitutis

311 1815 476 1897 iugo
526 1816 847 1895 liberum,
898 1818 1121 1883 tribus
1172 1820 1510 1902 exceptiS,
1555 1827 1712 1883 rata
1758 1818 2081 1883 uidelicet
2133 1817 2420 1901 expedi-

312 1916 529 1994 tione,
587 1918 819 1999 pontis
874 1920 1144 1983 arcisue
1203 1919 1732 1985 restauratione.
1855 1918 1931 1983 Si
1989 1918 2146 2000 quis
2205 1919 2422 2001 igitur

312 2016 491 2081 hanc
536 2025 849 2083 nostram
906 2020 1347 2083 donationem
1399 2020 1470 2083 in
1534 2018 1721 2083 aliud
1785 2038 1994 2101 quam
2055 2019 2416 2083 constitui·-

314 2138 471 2182 mus
542 2118 916 2183 transferre
971 2120 1296 2197 uoluerit,
1358 2120 1676 2203 priuatus
1727 2119 2074 2184 consortio
2133 2125 2418 2184 sanctae

312 2217 423 2281 dei
489 2219 895 2297 aecclesiae,
958 2221 1259 2285 aeternis
1329 2220 1635 2284 barathri
1693 2219 2027 2284 incendiis
2102 2219 2416 2301 lugubris

312 2318 575 2401 iugiter
624 2339 779 2384 cum
844 2319 1025 2384 Iuda
1072 2320 1330 2385 Christi
1388 2320 1741 2404 proditore
1786 2320 2069 2401 eiusque
2124 2338 2274 2383 com
2285 2320 2415 2402 pli-

314 2418 511 2483 cibus
548 2420 902 2502 puniatur,
936 2421 997 2485 si
1036 2440 1177 2485 non
1222 2420 1700 2485 satisfactione
1745 2420 2214 2485 emendauerit
2252 2439 2416 2483 con-

314 2540 513 2602 grua,
566 2522 748 2603 quod
801 2530 1046 2586 contra
1106 2531 1415 2587 nostrum
1442 2521 1750 2604 deliquit
1787 2521 2161 2609 decretum.
2276 2520 2414 2586 His

316 2622 521 2686 metis
576 2623 967 2704 praefatum
1030 2643 1147 2687 rus
1199 2622 1361 2688 hinc
1418 2622 1579 2686 inde
1637 2630 1948 2706 gyratur.
2073 2621 2198 2685 Dis
2261 2621 2411 2688 sind

315 2727 406 2786 §a
464 2711 945 2805 landgemffira
1008 2713 1083 2787 ίὸ
1136 2713 1306 2789 ’dam
1363 2739 1523 2790 ‚1111.
1577 2712 1748 2787 hida
1798 2713 1875 2788 16
1929 2709 2410 2788 Hefisthealle.

316 2811 491 2888 Efist
552 2823 635 2886 be
688 2812 857 2887 ’siim
909 2824 1177 2888 burnan
1224 2815 1311 2889 fit
1361 2828 1453 2888 0³6
1507 2829 1604 2888 ’δα
1647 2810 1787 2901 sfi‘33
1841 2823 1976 2886 and
2021 2821 2197 2886 from
2228 2810 2414 2887 §flare

314 2923 565 2988 ealdan
604 2914 785 2989 heve
825 2913 912 2987 iit
950 2927 1041 2988 0²6
1092 2943 1347 3000 meare,
1396 2923 1701 3005 andlang
1745 2912 1926 3002 dfin3
1988 2921 2124 2986 and
2179 2921 2410 3005 Snaep,

312 3023 446 3088 and
504 3015 1028 3088 Scammandiin
1077 3024 1213 3088 and
1270 3023 1750 3089 Scortanwida
1793 3013 1944 3088 ints)
1992 3010 2410 3088 Efisthealle.

310 3123 521 3188 Anno
582 3123 969 3189 dominicae
1035 3124 1537 3188 incarnationis
1604 3139 2090 3188 .ncccc.1.x111.
2147 3122 2412 3206 scripta

312 3232 415 3289 est
478 3224 653 3289 haec
710 3232 929 3302 carta,
978 3224 1087 3288 his
1140 3225 1437 3290 testibus
1484 3224 2068 3288 consentientibus
2115 3243 2410 3306 quorum

307 3325 595 3390 inferius
628 3324 906 3390 nomina
939 3332 1292 3389 notantur.

417 3428 498 3508 ›1‹
547 3425 702 3508 Ego
748 3425 1033 3508 Eadgar
1078 3444 1204 3490 rex
1250 3423 1642 3508 Anglorum
1687 3424 2015 3490 concessi.
2132 3427 2209 3507 ›1‹
2256 3424 2408 3508 Ego

308 3527 637 3592 Dunstan
664 3526 1223 3610 archiepiscopus
1256 3526 1722 3590 corroboraui.
1825 3527 1902 3607 ›1‹
1935 3525 2088 3608 Ego
2123 3525 2411 3591 Oscutel

308 3629 679 3711 episcopus
726 3626 1153 3692 confirmaui.
1268 3627 1345 3707 ›1‹
1395 3625 1547 3709 Ego
1592 3625 1804 3691 Osulf
1839 3625 2206 3709 episcopus
2242 3645 2408 3690 con-

308 3728 624 3793 solidaui.
765 3729 842 3809 ›1‹
904 3728 1057 3810 Ego
1116 3723 1477 3810 Byrhtelm
1520 3728 1890 3810 episcopus
1939 3727 2404 3790 corroboraui.

318 3832 393 3912 ›1‹
438 3829 595 3911 Ego
638 3828 953 3893 Osuuold
994 3827 1361 3912 episcopus
1400 3827 1745 3909 adquieui.
1844 3826 1925 3906 ›1‹
1968 3826 2120 3908 Ego
2163 3826 2404 3892 AE’6el-

304 3930 516 3995 uuold
587 3929 823 3992 abbas.
978 3931 1055 4011 ›1‹
1127 3929 1281 4010 Ego
1353 3927 1599 3992 AElfric
1686 3927 1926 3991 abbas.
2099 3928 2176 4008 ›1‹
2254 3928 2410 4012 Ego

308 4028 651 4110 AEscuuig
696 4030 935 4093 abbas,
1046 4032 1127 4112 ›1‹
1168 4030 1321 4111 Ego
1366 4027 1729 4092 AElfuuold
1776 4027 2016 4092 abbae.
2131 4029 2208 4109 ›1‹
2251 4029 2408 4112 Ego

310 4130 461 4195 AElf
464 4130 629 4194 here
660 4130 829 4196 dux.
934 4130 1009 4210 »Β
1040 4129 1194 4212 Ego
1230 4129 1386 4194 AElf
1390 4129 1566 4193 heah
1595 4129 1765 4192 dux.
1866 4130 1943 4210 ›1‹
1978 4127 2130 4210 Ego
2165 4129 2406 4194 AE’6el-

308 4240 455 4296 stan
490 4229 663 4294 dux,
779 4231 859 4314 ›1‹
891 4230 1044 4312 Ego
1076 4230 1493 4296 AEveluuine
1526 4229 1696 4294 dux.
1810 4232 1887 4311 ›1‹
1920 4228 2074 4311 Ego
2111 4227 2404 4295 Beorht-

400 4348 574 4397 ΤοΜ.
615 4348 709 4395 vi.
1000 4369 1003 4372 -
2070 4346 2108 4392 F
