3119 5026
831 460 1176 512 cfflm‘ran
1227 461 1466 509 Auem
1477 461 1918 512 SAxochn.
2294 445 2427 512 175

311 616 679 698 benignam
725 636 936 700 quam
979 618 1148 683 mihi
1191 619 1544 703 praefatus
1592 619 1793 685 abba·
1818 617 2113 684 fideliter
2156 627 2230 685 et
2260 640 2421 702 gra·-

313 724 542 781 tanter
618 718 946 784 exhibere
1023 719 1203 785 solet
1281 719 1768 785 obedientiam.
1906 719 2067 786 Hoc
2145 740 2423 804 quoque

313 816 694 882 uoluntatis
748 839 941 884 meae
977 820 1378 884 beneficium
1429 821 1663 902 palam
1720 821 1989 885 cunctis
2040 820 2423 898 innotesce,

312 916 496 998 quod
559 918 952 984 earumdem
1016 921 1534 1003 possessionum
1592 929 1815 984 terras
1866 920 1938 984 in
2005 939 2423 1005 unaquaque

313 1018 420 1080 cui
469 1018 792 1085 adiacent
821 1021 1176 1103 prouincia
1209 1041 1362 1085 cum
1410 1021 1728 1084 omnibus
1768 1020 1853 1085 ad
1904 1041 1979 1084 se
2020 1023 2423 1103 pertinenti-

313 1119 440 1181 bus
473 1119 626 1183 siue
655 1120 726 1182 in
756 1121 1192 1203 praediorum
1225 1121 1640 1203 municipiiS,
1675 1122 1823 1185 siue
1852 1121 1924 1184 in
1957 1123 2243 1199 tributo,
2276 1123 2424 1186 siue

313 1217 383 1280 in
430 1218 767 1297 thelonio,
808 1221 960 1284 siue
991 1223 1062 1286 in
1095 1240 1528 1304 quocumque
1576 1221 1857 1302 negotio
1903 1222 2085 1303 quod
2130 1223 2203 1286 in
2252 1243 2421 1287 uno-

315 1337 594 1400 quoque
640 1339 798 1383 rure
839 1321 1113 1386 diuerso
1158 1321 1360 1386 modo
1403 1321 1583 1386 solet
1622 1321 1835 1404 exigi,
1866 1321 2072 1404 plena
2104 1321 2423 1388 libertate

313 1419 400 1483 ab
433 1419 626 1484 omni
658 1427 970 1486 terrenae
1015 1421 1372 1487 seruitutis
1417 1421 1585 1504 iugo
1618 1421 1873 1486 liberas
1908 1441 2064 1486 esse
2095 1423 2422 1502 concedo,

315 1520 894 1601 quemadmodum
957 1529 1153 1605 pater
1217 1541 1412 1588 meus
1465 1523 2191 1604 supranominatamm
2264 1544 2438 1606 por-2

316 1619 575 1684 tionem
613 1627 956 1686 terrarum
993 1623 1082 1686 ab
1117 1623 1445 1686 uniuersa
1477 1621 1981 1687 mundanarum
2017 1643 2243 1689 rerum
2277 1642 2422 1688 ser-

318 1721 538 1784 uitute
602 1721 854 1788 liberas
917 1741 1070 1787 esse
1139 1724 1505 1800 concessit,
1572 1723 1884 1804 exeeptis
1953 1723 2198 1800 tribuS,
2268 1733 2423 1788 rata

317 1820 643 1887 uidelicet
721 1822 1181 1906 expeditione,
1260 1824 1492 1906 pontis
1566 1822 1833 1886 arcisue
1900 1823 2422 1890 restauratione.

321 1919 508 1984 Illud
551 1922 760 1986 etiam
809 1941 963 1986 cum
1007 1931 1294 1988 sanctae
1343 1923 1679 1988 trinitatis
1723 1930 1793 1987 et
1831 1922 2229 1989 indiuiduae
2274 1925 2427 1989 uni-

322 2021 488 2086 tatis
545 2030 617 2087 et
668 2023 916 2088 beatae
979 2023 1250 2088 Mariae
1311 2043 1583 2106 semper
1650 2023 1943 2106 uirginis
2006 2025 2423 2090 auctoritate

322 2122 698 2204 praecipio,
749 2130 827 2188 ut
877 2123 1108 2188 nullus
1155 2124 1508 2188 hominum
1548 2131 1949 2205 praesumat
1992 2124 2169 2190 hanc
2208 2126 2425 2190 dona-

323 2221 578 2287 tionem
611 2225 971 2288 occasione
1000 2224 1312 2306 qualibet
1346 2223 1712 2290 immutare
1738 2244 1865 2288 nec
1886 2225 2215 2290 territorii
2239 2225 2427 2290 codi-

323 2341 470 2386 cem
501 2322 617 2386 uel
643 2323 1040 2406 cirographi
1061 2325 1398 2390 dictatum
1428 2332 1673 2390 contra
1700 2343 1895 2388 meae
1920 2325 2427 2393 munificentiae

323 2424 586 2506 scripta
623 2425 698 2488 in
741 2425 1038 2489 medium
1085 2424 1414 2506 proferre,
1443 2424 1565 2489 sed
1606 2426 1933 2489 uniuersa
1974 2425 2097 2490 illa
2139 2426 2429 2510 antiqua

325 2525 697 2602 territoria,
731 2526 1134 2609 supradicto
1166 2526 1494 2607 exigente
1537 2534 1761 2603 reatu,
1791 2546 2062 2609 semper
2090 2527 2165 2595 in
2197 2536 2431 2610 poste·-

326 2645 477 2689 rum
521 2644 648 2708 pro
693 2626 948 2691 nichilo
997 2633 1502 2708 computentur,
1541 2633 1615 2691 et
1642 2626 1731 2691 ad
1780 2626 2109 2691 nichilum
2144 2627 2429 2693 redacta

325 2726 630 2792 omnium
675 2726 898 2809 sputis
941 2726 1246 2791 obnoxia
1289 2726 1807 2805 conculcentur,
1848 2734 1921 2791 et
1962 2726 2187 2795 huius.
2215 2729 2431 2810 priui-

323 2824 490 2907 legii
515 2826 794 2891 decreta
820 2826 1054 2892 stabili
1075 2832 1148 2891 et
1171 2828 1585 2892 inconcussa
1614 2826 1969 2892 soliditate
1994 2828 2427 2895 roborentur.
2454 2834 2461 2841 ’

325 2925 400 2991 Si
451 2927 610 3008 quis
651 2934 911 3006 autem,
953 2928 1332 3009 instigante
1369 2927 1673 3005 diabolo,
1708 2926 1879 2991 haec
1920 2928 2241 2993 consulta
2284 2936 2428 2994 tam

327 3046 482 3091 mea
512 3046 720 3111 quam
755 3027 992 3093 diuina
1024 3030 1438 3093 auctoritate
1469 3024 1919 3093 corroborata
1944 3027 2209 3093 uiolare
2237 3048 2430 3110 prae-

321 3128 720 3209 sumpserit,
742 3129 896 3193 siue
919 3147 1114 3192 meus
1139 3129 1234 3193 sit
1259 3128 1464 3203 filius,
1486 3128 1643 3193 siue
1664 3128 1835 3205 dux,
1854 3128 2010 3192 siue
2036 3128 2429 3213 episcopus,

327 3227 478 3294 siue
511 3228 850 3306 minister,
880 3235 1004 3295 aut
1034 3230 1526 3311 cuiuscumque
1541 3228 1905 3313 dignitatis
1926 3228 2262 3305 extiterit,
2288 3250 2431 3295 om-

329 3329 652 3411 nipotens
679 3328 852 3395 deus
881 3336 1264 3411 sanctaque
1291 3330 1444 3393 eius
1471 3327 1778 3411 genitrix
1798 3346 2203 3411 semperque
2232 3331 2432 3411 uirgo

331 3428 588 3506 Maria,
623 3437 694 3494 et
725 3431 946 3495 omnis
979 3449 1432 3512 supernorum
1469 3435 1713 3493 sancta
1744 3427 1970 3492 uirtus
2004 3431 2433 3496 exercituum

332 3530 763 3595 maiestatem
797 3530 1104 3595 diuinam
1135 3530 1526 3595 incessabili
1559 3548 1732 3595 uoce
1757 3527 2215 3604 laudantium,
2250 3530 2431 3595 hunc

330 3630 402 3693 in
431 3630 592 3694 uita
632 3630 770 3695 ista
812 3630 1168 3715 despiciat,
1201 3637 1272 3699 et
1312 3630 1715 3713 despectum
1756 3629 1829 3692 in
1874 3629 2111 3693 futuro
2154 3630 2435 3695 saeculo

325 3732 478 3817 siue
535 3729 672 3795 fine
729 3731 1080 3815 disperdat
1131 3730 1350 3807 illum,
1404 3730 1534 3793 nisi
1594 3748 1905 3811 congrua
1962 3728 2435 3795 satisfactione

331 3839 494 3898 ante
551 3832 814 3895 exitum
873 3851 1076 3895 suum
1143 3830 1611 3895 emendauerit
1675 3829 1858 3913 quod
1920 3836 2166 3893 contra
2230 3830 2436 3894 deum

329 3938 784 4012 sanctamque
809 3931 1127 3996 'Mariam
1167 3930 1483 4013 deliquit.
1586 3928 1833 3995 Amen.
1942 3928 2176 3994 Huius
2218 3931 2435 4014 priui-

335 4032 498 4114 legii
549 4030 922 4114 descriptio
977 4032 1232 4113 iugiter
1285 4032 1358 4096 in
1409 4030 1931 4114 praenominato
1990 4039 2441 4097 conseruetur

339 4132 750 4197 monasterio
788 4139 865 4196 ut
897 4131 992 4197 sit
1023 4132 1308 4197 libertas
1341 4139 1639 4196 externa
1681 4130 2009 4196 librorum
2042 4130 2133 4195 ad
2166 4133 2441 4198 uniuer-

342 4252 453 4299 sas
497 4232 1051 4315 supradictarum
1096 4233 1569 4316 possessiones
1616 4239 1953 4296 terrarum
2002 4250 2177 4313 quas
2222 4232 2441 4297 omni-
