3119 5026
871 427 1219 478 ann'rAn
1265 429 1597 478 ANGLOSA
1612 429 1882 479 xoch
1894 431 1952 478 Β.
2330 417 2460 482 143

337 587 493 668 Ego
559 588 938 652 AEvselmaer
1006 587 1336 651 minister.
1452 589 1531 670 ›1‹
1580 588 1734 669 Ego
1802 588 2064 652 Ordulf
2118 589 2447 653 minister.

351 689 430 770 ›1‹
469 687 624 770 Ego
665 686 1019 751 Uulfheah
1059 687 1388 751 minister.
1497 687 1587 771 »Β
1622 687 1775 768 Ego
1811 688 2081 752 Uulfric
2113 690 2445 753 minister.

349 789 430 868 ›1-
475 787 630 868 Ego
662 786 1000 869 Uulfgeat
1046 787 1376 852 minister.
1489 786 1576 871 »Β
1615 787 1767 868 Ego
1803 788 2073 853 Freana
2112 789 2449 852 minister.

348 888 429 967 ›1-
503 887 658 969 Ego
721 873 1100 952 AEiselmaer'
1171 886 1505 950 minister.
1654 889 1735 967 ›1‹
1806 887 1960 968 Ego
2027 887 2447 952 AEveluuold

337 987 674 1050 minister.
789 987 868 1068 ›1‹
912 987 1064 1067 Ego
1093 985 1403 1049 AEtselric
1445 986 1783 1049 minister.
1884 990 1961 1069 ’Β
2006 987 2158 1069 Ego
2192 987 2451 1070 Byrht-

335 1087 434 1149 ric
468 1087 801 1151 minister.
917 1087 996 1168 ›1‹
1040 1085 1191 1166 Ego
1229 1083 1484 1149 Badrin
1515 1086 1846 1149 minister.

1155 1379 1653 1447 MCCXCVI.

1014 1528 1536 1606 AEDELRED,
1582 1528 1773 1593 1002.

458 1679 537 1760 ›1‹
579 1674 669 1740 IN
697 1676 974 1748 nomine
1000 1674 1256 1740 domini
1289 1675 1511 1740 nostri
1549 1675 1760 1740 Ihesu
1800 1674 2099 1741 Christi!
2206 1675 2451 1740 Omnis

345 1776 584 1840 mundi
635 1781 862 1839 status
914 1782 1105 1839 certo
1156 1774 1292 1838 fine
1349 1775 1785 1852 terminatur,
1820 1782 1892 1838 et
1934 1794 2017 1838 ea
2062 1794 2243 1857 quae
2287 1784 2453 1841 sunt

346 1875 694 1940 defectiua
735 1894 901 1938 casu
955 1884 1166 1938 ruunt
1219 1874 1484 1956 rapido,
1520 1895 1703 1957 quae
1744 1893 1913 1940 uero
1964 1875 2295 1940 continua
2345 1876 2449 1938 ui-

347 1983 516 2057 gent
549 1976 913 2039 inexausto
948 1975 1432 2057 perpetuitatis
1470 1975 1737 2056 uigore,
1770 1974 1922 2039 ideo
1966 1975 2261 2056 singulis
2298 1975 2451 2057 qui-

343 2077 613 2157 busque
671 2073 990 2138 sollerter
1049 2073 1462 2140 studendum
1528 2083 1661 2151 est,
1723 2074 1886 2137 dum
1956 2073 2227 2140 indulta
2282 2081 2449 2140 tem-

345 2195 591 2257 porum
646 2173 882 2255 spacia
936 2173 1048 2236 dei
1109 2182 1284 2237 nutu
1337 2191 1671 2238 concessa
1728 2175 2098 2251 sustinent,
2154 2193 2243 2236 ne
2298 2175 2447 2238 sine

342 2274 575 2338 fructu
623 2273 1036 2355 spiritalium
1071 2274 1405 2338 uirtutum
1435 2273 1710 2336 easdem
1760 2272 2071 2337 inducias
2099 2274 2449 2355 transiga-

346 2394 524 2438 mus.
653 2372 1120 2451 Quamobrem
1187 2393 1318 2454 ego
1385 2371 1735 2449 AEsselreth
1802 2372 2077 2438 fauente
2150 2392 2449 2455 superno

346 2475 650 2551 numine,
681 2472 985 2537 basileus
1029 2471 1418 2554 Anglorum
1461 2480 2028 2556 caeterarumque
2070 2473 2445 2556 [gentium]

345 2576 418 2637 in
455 2574 748 2638 circuitu
777 2573 1304 2655 persistentium
1351 2593 1448 2636 .x.
1497 2573 1820 2637 uidelicet
1870 2592 2171 2649 mansas,
2205 2574 2322 2655 qui
2359 2574 2447 2637 ab

342 2674 586 2739 incolis
649 2672 1000 2755 Haeseleia
1061 2668 1156 2737 aet
1207 2678 1348 2735 ’6an
1413 2676 1725 2754 nyffleran
1784 2679 1947 2736 tune
2013 2679 2452 2754 nuncupatur

343 2772 712 2849 uocabulo,
786 2772 1058 2836 cuidam
1137 2771 1321 2835 fideli
1403 2771 1717 2835 ministro
1800 2772 2104 2836 uocitato
2178 2771 2449 2835 nomine

345 2872 712 2949 Godwine,
787 2890 914 2953 pro
986 2872 1134 2935 eius
1213 2871 1492 2935 amabili
1565 2872 1896 2954 obsequio
1974 2878 2044 2934 et
2125 2870 2449 2953 placabili

345 2972 680 3049 mercede,
744 2971 813 3034 id
880 2979 989 3035 est
1057 2991 1256 3036 .xxx.
1319 2989 1685 3034 mancusas
1747 2971 1897 3053 puri
1970 2969 2146 3046 auri,
2211 2989 2451 3034 conce-

345 3073 513 3137 dens
569 3071 987 3155 perdonabo,
1042 3089 1199 3134 cum
1261 3070 1577 3134 omnibus
1633 3070 1721 3135 ad
1782 3090 1857 3133 se
1915 3071 2045 3134 rite
2098 3070 2449 3152 pertinen·-

347 3174 556 3249 tibus,
608 3172 895 3254 campis,
941 3170 1243 3253 pascuiS,
1294 3170 1536 3251 pratiS,
1584 3188 2057 3253 aquarumque
2110 3170 2447 3245 cursibus,

345 3281 424 3336 ut
467 3271 644 3354 ipse,
701 3270 848 3334 uita
905 3270 1180 3347 comite,
1240 3269 1490 3334 habeat
1545 3288 1630 3332 ac
1688 3269 2063 3351 possideat,
2118 3269 2449 3351 quamdiu

346 3391 623 3435 cursum
689 3370 896 3433 huius
960 3368 1188 3433 labilis
1256 3370 1443 3433 uitae
1507 3368 1945 3450 persi-uatum
2025 3375 2183 3451 post
2248 3368 2450 3433 finem

346 3491 511 3535 uero
563 3471 736 3545 eiuS,
785 3468 1193 3550 cuicumque
1242 3468 1373 3531 sibi
1425 3466 1769 3549 placuerit
1825 3466 2106 3533 haeredi
2154 3468 2449 3532 derelin-

349 3578 543 3653 qu'at.
607 3646 614 3649 ,
675 3569 806 3655 Sit⁴
857 3576 1092 3633 autem
1157 3567 1513 3651 praedicta
1582 3575 1768 3631 terra
1829 3567 2048 3632 libera
2113 3568 2200 3631 ab
2266 3570 2453 3631 omni

347 3670 681 3750 mundiali
740 3668 1130 3743 obstaculo,
1191 3667 1413 3731 tribus
1472 3666 1814 3749 exceptis,
1874 3666 1944 3729 id
2003 3673 2109 3729 est
2168 3666 2452 3748 expedi-

349 3770 556 3845 tione,
620 3769 850 3851 pontis
910 3768 1179 3831 arcisue
1235 3766 1771 3830 constructione.
1875 3764 1950 3829 Si
2004 3766 2161 3848 quis
2220 3772 2452 3830 autem

347 3868 474 3933 hoc
518 3888 748 3933 meum
798 3867 1050 3932 donum
1104 3874 1412 3930 euertere
1465 3865 1833 3940 studuerit,
1887 3864 1998 3928 uel
2055 3863 2264 3928 alium
2326 3884 2453 3929 an-

351 3970 616 4051 tiquum
683 3967 934 4031 librum
994 3964 1109 4029 uel
1166 3984 1424 4029 nouum
1482 3964 1875 4046 protulerit,
1937 3983 2065 4027 nec
2130 3962 2262 4027 sibi
2326 3984 2453 4029 nec

349 4067 502 4131 aliis
544 4066 890 4150 proficiat,
928 4065 1048 4129 sed
1097 4065 1170 4129 in
1217 4066 1635 4147 sempiterno
1685 4063 1979 4145 graphio
2025 4062 2339 4128 deleatur
2383 4071 2454 4128 et

351 4186 498 4231 cum
553 4168 756 4233 iustis
793 4186 934 4231 non
983 4164 1353 4240 scribatur,
1409 4163 1527 4227 sed
1591 4162 1980 4227 consideret
2021 4163 2178 4227 hinc
2222 4183 2297 4227 se
2342 4162 2453 4227 die
