3119 5026
707 439 837 505 124
1211 455 1558 506 cunnus
1602 453 2303 506 Ancmsaxomcn.

1398 712 2117 782 mcccxxxvn.

1538 839 1983 970 oswALn.

711 1049 720 1054 -
819 1019 899 1099 ›1‹
943 1016 1247 1082 Domno
1273 1038 1428 1083 meo
1455 1016 1827 1085 karissimo
1858 1017 2009 1100 regi
2038 1015 2427 1100 Anglorum
2464 1016 2809 1098 Eadgaro,

707 1137 840 1199 ego
871 1117 1240 1182 Oswaldus
1280 1119 1787 1202 Uuigornensis
1832 1119 2207 1183 aecclesiae
2254 1118 2623 1200 episcopus
2668 1137 2811 1180 om-

709 1219 899 1282 nium
933 1238 1112 1301 quae
1137 1218 1306 1283 mihi
1333 1239 1458 1302 per
1473 1221 1696 1304 ipsius
1712 1219 2149 1284 clementiam
2168 1237 2529 1282 munerum
2548 1217 2809 1282 tradita

705 1325 891 1395 sunt,
923 1318 1108 1400 apud
1151 1320 1352 1383 deum
1399 1327 1472 1385 et
1508 1321 1694 1404 apud
1744 1320 2053 1384 homines
2099 1319 2365 1400 gratias
2402 1335 2559 1400 ago.
2664 1313 2808 1400 Igi-

708 1426 826 1482 tur
859 1419 922 1482 si
949 1419 1062 1482 dei
1095 1419 1569 1486 misericordia
1601 1420 2023 1504 suppeditet,
2060 1438 2295 1483 coram
2322 1418 2454 1482 deo
2484 1425 2556 1483 et
2584 1417 2805 1482 homi-

709 1518 911 1582 nibus
956 1520 1456 1602 perpetualiter
1497 1522 1561 1586 ei
1607 1521 1829 1585 fidelis
1874 1521 2314 1603 permanebo,
2365 1519 2808 1582 reminiscens

705 1638 863 1682 cum
931 1620 1313 1701 gratiarum
1371 1620 1645 1686 actione
1710 1619 2077 1701 largifluae
2134 1619 2584 1701 benignitatis
2634 1619 2811 1696 eiuS,

705 1720 869 1802 quia
913 1740 1037 1803 per
1079 1739 1270 1785 meos
1309 1720 1481 1785 illud
1522 1720 1707 1804 quod
1746 1737 2163 1802 magnopere
2193 1719 2609 1802 expetebam
2640 1713 2808 1783 mihi

703 1823 1044 1884 concessit
1095 1821 1584 1899 internuntios,
1642 1819 1713 1885 id
1764 1828 1870 1885 est
1915 1820 2546 1884 reuerentissimum
2604 1819 2802 1883 Dun-

705 1929 978 1984 stanum
1021 1915 1612 2005 archiepiscopum
1646 1929 1719 1986 et
1751 1921 2221 1985 uenerandum
2256 1916 2801 1984 AEsseluuoldum

709 2017 1134 2084 Uuintoniae
1201 2021 1601 2110 episcopum
1662 2029 1732 2086 et
1781 2022 2007 2086 uirum
2064 2020 2508 2102 magnificum
2540 2063 2547 2068 -
2576 2020 2805 2085 Briht-

703 2117 963 2184 notium
991 2120 1338 2198 comitem,
1379 2141 1671 2206 qnorum
1716 2122 2067 2204 legatione
2099 2128 2171 2185 et
2202 2121 2553 2185 adiutorio
2582 2139 2801 2184 meam

705 2227 778 2284 et
811 2228 1096 2285 sanctae
1136 2219 1247 2285 dei
1289 2223 1667 2288 aecclesiae
1700 2223 2053 2306 querelam
2092 2222 2425 2304 suscepit,
2462 2228 2532 2285 et
2566 2241 2803 2285 secun-

703 2320 868 2384 dum
911 2317 1273 2386 consilium
1313 2324 1703 2406 sapientum
1745 2335 1817 2388 et
1864 2323 2248 2405 principum
2296 2340 2578 2386 suorum
2625 2321 2803 2386 iuste

703 2421 1123 2499 emendauit,
1167 2423 1255 2486 ad
1305 2431 1781 2488 sustentamen
1820 2423 2195 2488 aecclesiae
2229 2440 2440 2504 quam
2474 2421 2643 2486 mihi
2684 2423 2803 2487 be-

704 2522 918 2603 nigne
957 2525 1029 2587 et
1066 2522 1286 2587 libens
1314 2526 1687 2606 regendam
1721 2525 2085 2589 commisit.
2176 2522 2411 2603 Quare
2434 2542 2575 2607 quo
2600 2525 2803 2588 modo

704 2622 879 2687 fidos
909 2622 1075 2686 mibi
1103 2624 1420 2690 subditos
1459 2625 1823 2689 telluribus
1856 2636 2039 2708 quae
2080 2643 2275 2689 meae
2311 2625 2610 2688 traditae
2644 2632 2806 2689 sunt

704 2724 1039 2807 potestati
1071 2743 1197 2807 per
1237 2725 1540 2808 spatium
1569 2727 1907 2809 temporis
1940 2727 2150 2790 trium
2184 2724 2560 2801 hominum,
2597 2725 2669 2789 id
2700 2734 2803 2791 est

696 2825 999 2889 duorum
1038 2833 1201 2907 post
1243 2843 1319 2890 se
1366 2820 1764 2904 haeredum,
1810 2827 2297 2901 condonarem,
2336 2826 2603 2908 placuit
2656 2832 2797 2889 tam
2902 2816 2907 2822 ’

705 2924 873 2988 mihi
919 2943 1130 3008 quam
1173 2924 1344 3008 ipsis
1395 2926 1785 2992 fautoribus
1836 2932 1907 2991 et
1951 2925 2359 2991 consiliariis
2398 2926 2591 3003 meis,
2644 2944 2798 2989 cum

701 3025 919 3107 ipsius
949 3024 1208 3088 domini
1243 3027 1377 3090 mei
1408 3029 1593 3108 regis
1612 3026 1902 3091 ‘licentia
1934 3035 2004 3092 et
2034 3026 2503 3100 attestatione,
2554 3024 2635 3089 ut
2666 3025 2796 3091 sta-

703 3124 927 3189 tribus
963 3122 1136 3187 meis
1171 3128 1711 3205 successoribuS,
1754 3127 2017 3191 scilicet
2054 3126 2421 3209 episcopiS,
2452 3145 2579 3208 per
2602 3138 2801 3209 cyro-·

703 3223 952 3307 graphi
983 3225 1372 3289 cautionem
1413 3220 1723 3310 apertius
1765 3228 2221 3305 enuclearem,
2244 3217 2346 3290 'ut
2378 3226 2606 3290 sciant
2634 3224 2798 3310 quid

702 3325 792 3389 ab
821 3324 922 3388 eis
967 3332 1378 3408 extorquere
1415 3328 1597 3393 iuste
1643 3328 1937 3392 debeant
1982 3320 2360 3392 secundum
2398 3328 2799 3391 conuentio-

701 3444 856 3491 nem
883 3444 1040 3488 cum
1068 3426 1168 3490 eis
1199 3426 1452 3492 factam
1481 3434 1551 3492 et
1574 3428 2017 3510 sponsionem
2048 3447 2278 3506 suam3
2310 3427 2593 3492 undeet
2622 3426 2799 3492 hanc

699 3525 1063 3609 epistolam
1082 3526 1169 3590 ob
1189 3528 1504 3591 cautelae
1521 3546 1805 3593 causam
1824 3546 2236 3611 componere
2256 3527 2519 3605 studui,
2537 3542 2625 3591 ne
2644 3529 2799 3611 quis

698 3620 1048 3708 malignae
1102 3628 1502 3709 cupiditatis
1553 3628 1891 3693 instinctu
1942 3629 2071 3721 ¹¹90
2124 3628 2441 3711 sequenti
2492 3632 2799 3709 tempore

699 3726 970 3791 mutare
1025 3726 1291 3805 uolenS,
1347 3729 1663 3792 abiurare
1711 3748 1754 3793 a
1802 3730 2087 3794 seruitio
2131 3728 2508 3793 aecclesiae
2560 3736 2794 3809 queat.

702 3827 904 3892 Haec
932 3828 1171 3909 itaque
1211 3827 1581 3892 conuentio
1616 3846 1774 3892 cum
1808 3830 1908 3893 eis
1948 3829 2135 3893 facta
2165 3837 2296 3905 est,
2332 3830 2485 3911 ipso
2519 3828 2801 3892 domino

696 3946 850 3991 meo
885 3945 1052 4009 rege
1089 3935 1459 4006 annuente,
1511 3936 1583 3993 et
1630 3948 1761 3993 sua
1807 3930 2257 3995 attestatione
2288 3927 2796 3992 munificentiae

695 4044 868 4090 suae
892 4024 1288 4109 largitatem
1332 4030 1704 4093 roborante
1736 4035 1808 4093 et
1838 4031 2309 4106 confirmante,
2343 4028 2795 4110 omnibusque

692 4124 913 4208 ipsius
941 4127 1292 4208 regiminis
1315 4130 1741 4213 sapientibus
1764 4139 1834 4194 et
1854 4130 2280 4213 principibus
2304 4130 2803 4193 attestantibus

694 4233 766 4291 et
797 4228 1403 4295 consentientibus.
1509 4229 1671 4295 Hoc
1702 4239 1910 4314 pacto
1943 4232 2043 4297 eis
2075 4240 2296 4295 terras
2326 4236 2611 4294 sanctae
2638 4248 2794 4293 aec-
