3119 5026
869 425 1228 474 munna·
1265 426 1506 473 Auem
1518 427 1963 476 sAxochn.
2364 413 2457 476 95

347 583 432 664 ›1‹
491 583 642 666 Ego
697 581 1056 648 AElfuuine
1111 583 1448 648 minister.
1576 585 1673 672 ›1‹
1722 585 1874 668 Ego
1930 585 2266 651 Uulfstan
2328 587 2455 650 mi-

335 682 579 746 nister.
678 684 763 767 ἦ(
795 682 948 764 Ego
983 682 1278 764 AElfsige
1311 683 1643 748 minister.
1745 687 1822 766 ›1‹
1854 687 2007 767 Ego
2034 685 2453 750 AElfuueard

336 782 675 846 minister.
792 784 869 863 ›1‹
913 783 1068 864 Ego
1119 783 1436 846 Osuuerd
1485 784 1820 849 minister.
1932 787 2017 870 ›1‹
2055 786 2208 868 Ego
2250 785 2466 850 Osulf

333 879 676 946 minister.
791 883 870 964 »Β
914 882 1068 964 Ego
1103 880 1347 945 Osfer'b
1383 882 1720 947 minister.

1127 1177 1667 1243 MCCLXVII.

1081 1295 1523 1405 altman,
1568 1327 1721 1394 969.

451 1477 532 1557 >1⁴
577 1475 670 1540 ΙΝ
705 1475 978 1540 nomine
1003 1475 1264 1540 domini
1297 1475 1517 1542 nostri
1551 1474 1762 1542 Ihesu
1800 1475 2097 1542 Christi!
2204 1475 2449 1540 Omnis

334 1574 620 1655 quidem
651 1575 854 1656 larga.
875 1575 1350 1640 munificentia
1378 1596 1619 1657 regum
1650 1582 2065 1640 testamento
2096 1576 2451 1640 literarum

336 1674 740 1740 roboranda
791 1682 923 1751 est,
985 1694 1071 1740 ne
1122 1676 1551 1756 posteritatis
1608 1669 1955 1740 successio
1997 1675 2325 1756 ignorans
2380 1675 2451 1738 in

337 1773 802 1854 malignitatis
831 1773 1154 1839 fribolum
1175 1774 1587 1839 infoeliciter
1614 1781 1913 1839 corruat.
1984 1773 2449 1852 Quamobrem

335 1892 474 1954 ego
525 1873 829 1955 Eadgar,
873 1873 1110 1940 diuina
1159 1873 1667 1938 collubescente
1710 1875 1941 1956 gratia
1990 1873 2205 1938 totius
2250 1871 2451 1936 Albi-

336 1973 496 2036 onis
551 1993 680 2037 rex
722 1971 1357 2055 primicheriusque,
1412 1973 1760 2055 quandam
1807 1974 1987 2038 ruris
2041 1972 2452 2054 particulam

341 2088 498 2138 .XV.
561 2072 824 2139 scilicet
893 2079 1347 2152 cassatorum,
1413 2073 1571 2137 loco
1640 2072 1761 2155 qui
1822 2072 2097 2153 uulgari
2164 2072 2453 2155 AEpslea

336 2170 620 2248 dicitur,
670 2191 821 2234 meo
870 2170 1054 2236 fideli
1094 2171 1434 2248 ministro,
1478 2173 1737 2255 quique
1789 2171 2073 2238 huiusce
2119 2171 2452 2253 gnosticis

335 2270 618 2334 insulae
662 2277 830 2336 noto
871 2269 1202 2336 AElfwold
1246 2278 1686 2352 nuncupatur
1724 2278 2069 2346 onomate,
2112 2271 2185 2336 in
2228 2277 2451 2335 aeter·-

337 2390 506 2435 nam
540 2370 803 2451 largior
845 2369 1378 2445 haereditatem3
1435 2379 1516 2436 ut
1559 2370 1735 2452 ipse,
1769 2372 1919 2436 uita
1965 2370 2241 2443 comite,
2288 2389 2447 2434 cum

339 2468 664 2535 omnibus
713 2469 1143 2546 utensilibus,
1195 2469 1416 2552 pratis
1470 2469 1817 2548 uidelicet,
1869 2470 2172 2553 pascuiS,
2224 2469 2447 2547 siluis,

341 2571 498 2635 uoti
548 2589 830 2651 compos
881 2570 1174 2644 habeat3
1245 2578 1316 2634 et
1366 2577 1530 2652 post
1586 2571 1777 2639 uitae
1828 2590 1999 2635 suae
2062 2570 2452 2647 terminum,

341 2670 878 2752 quibuscunque
960 2669 1259 2737 uoluerit
1324 2670 1732 2736 cleronomis
1806 2671 2182 2735 immunem
2262 2670 2457 2733 dere-

340 2769 642 2851 linquat.
755 2768 862 2833 Sit
921 2776 1157 2835 autem
1218 2769 1648 2850 praedictum
1712 2788 1831 2833 rus
1888 2770 2073 2833 omni
2139 2774 2455 2835 terrenae

345 2867 712 2933 seruitutis
749 2868 914 2951 iugo
959 2863 1274 2945 liberum,
1307 2867 1526 2935 tribus
1566 2869 1899 2950 exceptis,
1936 2874 2090 2934 rata
2124 2867 2449 2934 uidelicet

255 3027 270 3041 ,
342 2965 812 3050 expeditione,
870 2968 1102 3049 pontis
1166 2968 1436 3034 arcisue
1499 2969 2028 3032 restauratione.
2158 2966 2233 3035 Si
2298 2967 2455 3048 quis

343 3068 568 3149 igitur
601 3065 780 3131 hanc
810 3073 1118 3131 nostram
1152 3067 1592 3156 donationem
1622 3067 1695 3130 in
1725 3067 2159 3147 aliudquam
2197 3065 2451 3133 consti·

346 3166 610 3231 tuimus
651 3164 1021 3229 transferre
1067 3164 1391 3243 uoluerit,
1427 3166 1743 3249 priuatus
1778 3166 2125 3233 consortio
2170 3172 2454 3231 sanctae

347 3266 462 3331 dei
525 3264 930 3342 aecclesiae,
999 3265 1296 3331 aeternis
1363 3265 1675 3330 barathri
1734 3265 2071 3335 incendiis
2139 3264 2453 3345 lugubris

343 3366 609 3448 iugiter
629 3384 786 3429 cum
818 3364 1000 3431 Iuda
1030 3364 1289 3431 Christi
1316 3364 1667 3447 proditore
1695 3364 1980 3447 eiusque
2010 3364 2457 3445 complicibus

347 3465 711 3548 puniatur,
767 3465 828 3527 si
883 3483 1023 3528 non
1071 3464 1544 3529 satisfactione
1597 3464 2067 3533 emendauerit
2120 3481 2454 3543 congrua,

347 3564 537 3648 quod
588 3570 830 3627 contra
887 3569 1196 3628 nostrum
1241 3562 1532 3645 deliquit
1583 3561 1959 3633 decretum.
2064 3563 2203 3629 His
2253 3563 2456 3627 metis

349 3663 746 3749 praefatum
780 3682 900 3727 rus
933 3662 1091 3727 hinc
1126 3662 1284 3727 inde
1313 3669 1628 3745 gyratur,
1664 3652 1794 3727 etc.

451 3766 532 3846 >1⁴
579 3763 734 3843 Ego
771 3762 1054 3844 Eadgar
1102 3780 1230 3825 rex
1278 3760 1665 3843 Anglorum
1709 3779 1865 3825 cum
1918 3779 2253 3826 consensu
2297 3760 2458 3823 doc-

350 3871 583 3929 torum
643 3881 953 3928 meorum
1007 3880 1165 3927 cum
1223 3862 1428 3942 signo
1493 3868 1777 3927 sanctae
1834 3861 2055 3925 crucis
2114 3860 2454 3923 roboraui.

362 3965 441 4044 ιχ(
503 3962 658 4044 Ego
721 3962 1048 4029 Dunstan
1096 3959 1653 4046 archiepiscopus
1707 3960 2251 4025 Dorouernensis
2305 3979 2459 4023 aec-

353 4060 606 4126 clesiae
639 4059 902 4125 Christi
931 4062 1246 4127 consensi
1263 4067 1333 4124 et
1357 4059 1754 4142 subscripsi.
1856 4061 1935 4140 *1⁴
1966 4060 2116 4141 Ego
2146 4059 2456 4123 AElfistan

353 4162 747 4244 episcopus,
863 4162 940 4241 ›1‹
985 4160 1137 4241 Ego
1188 4158 1572 4225 AEoelwold
1625 4159 1987 4241 episcopus
2032 4158 2455 4226 confirmaui.
