3119 5026
847 442 1194 495 ann'rAn
1237 442 1938 493 AnonosAxochn.
2314 422 2447 491 169

339 598 518 663 wold
547 599 916 683 episcopus
950 601 1342 683 conquieui.
1453 601 1542 686 »Β
1582 601 1737 683 Ego
1778 599 2033 664 Eadric
2078 598 2259 663 dux.·
2355 599 2435 679 »Β

339 699 490 781 Ego
535 699 792 764 AElfric
849 700 1016 764 dux.
1124 701 1213 786 »Β
1265 702 1418 784 Ego
1479 701 1831 766 Leofwine
1878 701 2047 764 dux.
2156 699 2245 784 »Β
2292 698 2445 781 Ego

341 800 607 865 Uhtred
627 800 795 864 dux.
904 800 990 886 ›1‹
1021 801 1176 883 Ego
1201 802 1582 868 AE'Selmaer
1604 803 1774 866 dux.
1883 800 1969 886 ›1‹
2000 800 2154 882 Ego
2182 800 2441 865 Godric

339 900 506 964 dux.
606 900 692 986 ›1‹
733 900 888 983 Ego
921 901 1284 967 Eadmund
1302 903 1510 987 clyto.
1627 902 1707 982 »Β
1740 902 1893 983 Ego
1916 900 2210 983 Eadwig
2232 900 2445 984 clyto..

342 1000 426 1087 ›1‹
463 1001 620 1083 Ego
644 1001 1028 1066 Eadweard
1050 1002 1258 1087 clyto.
1318 1003 1404 1089 ›1‹
1444 1004 1600 1084 Ego
1628 1000 1895 1067 AElfred
1913 1001 2121 1085 clyto.
2173 1001 2259 1087 ›1‹
2290 1001 2443 1083 Ego

343 1101 748 1165 Beorhtraed
786 1102 1001 1166 abbas
1031 1102 1327 1168 libenter
1353 1102 1711 1168 annotaui.
1826 1104 1906 1184 »Β
1940 1102 2095 1183 Ego
2117 1101 2449 1184 Wulfgar

341 1202 558 1266 abbas
601 1196 956 1266 humiliter
987 1205 1325 1268 consensi.
1440 1205 1520 1285 ›1‹
1562 1202 1717 1285 Ego
1746 1202 2044 1284 AElfsige
2078 1202 2295 1266 abbas
2330 1204 2449 1267 be·-

341 1302 643 1384 nigniter
673 1304 1064 1368 subarraui.
1173 1303 1259 1389 ›1‹
1299 1304 1454 1387 Ego
1495 1302 1788 1369 AElfno³6
1829 1304 2045 1371 abbas
2088 1310 2451 1385 gratanter

339 1404 627 1467 muniui.
716 1405 796 1485 ›1‹
828 1403 981 1486 Ego
1005 1403 1379 1470 Brihtmaer
1404 1405 1622 1469 abbas
1644 1404 2016 1469 clementer
2042 1404 2446 1485 subscripsi.

354 1505 434 1585 ›1‹
477 1503 632 1587 Ego
681 1502 1008 1587 Ulfkytel
1041 1504 1378 1574 minister.
1512 1507 1593 1587 ›1‹
1634 1504 1790 1587 Ego
1831 1504 2172 1569 Godwine
2211 1504 2449 1569 minis-

345 1610 473 1669 ter.
641 1605 721 1685 »Β
792 1604 947 1686 Ego
1003 1604 1286 1688 AElfgar
1360 1606 1695 1671 minister.
1854 1607 1934 1687 ›1‹
2012 1604 2167 1686 Ego
2248 1602 2451 1668 Odda

345 1705 680 1769 minister.
821 1706 901 1786 ›1‹
961 1705 1116 1788 Ego
1174 1704 1616 1772 AEiselweard
1673 1705 2007 1771 minister.
2153 1705 2233 1785 »Β
2294 1704 2449 1786 Ego

347 1804 675 1886 Wulfgar
723 1806 1060 1871 minister.
1196 1809 1276 1889 ›1‹
1330 1808 1484 1891 Ego
1536 1805 1859 1871 AElfmaer
1910 1804 2244 1871 minister.
2358 1805 2438 1885 »Β

345 1905 500 1988 Ego
529 1904 938 1971 Wulfwerd.

1216 2122 1597 2189 Mcccx.

1015 2264 1536 2345 AEDELRED,
1580 2266 1779 2331 1015.

455 2410 535 2490 ›1‹
599 2409 942 2473 BnchA
1004 2416 1076 2474 et
1128 2407 1490 2473 ineffabilis
1553 2407 1999 2490 almifluaque
2062 2406 2452 2473 diuinitatis

347 2509 672 2574 maiestas
700 2511 772 2575 in
805 2529 880 2574 se
909 2510 1334 2576 inmutabilis
1369 2529 1823 2594 perseuerans
1855 2508 2144 2574 liberum
2179 2509 2449 2574 cunctis

348 2611 690 2676 concessit
719 2612 1126 2676 mortalibus
1159 2612 1522 2676 arbitrium
1545 2618 1624 2675 ut
1648 2617 1889 2675 sancte
1908 2617 1980 2675 et
2002 2610 2182 2675 iuste
2203 2610 2453 2692 pieque

347 2710 690 2788 uiuenteS,
733 2720 858 2776 aut
886 2712 960 2776 in
1001 2712 1403 2776 summitate
1437 2711 1755 2794 polorum
1791 2710 2107 2792 angelica
2137 2710 2457 2774 fruantur

348 2810 707 2890 beatitate,
738 2813 852 2877 uel
884 2812 1353 2878 inobedientes
1387 2811 1775 2894 praeceptis
1819 2810 2005 2876 illius
2048 2810 2454 2889 existentes,

349 2930 502 2976 cum
533 2912 857 2977 tartareis
887 2913 1222 2978 ministris
1253 2912 1573 2977 infernali
1598 2911 2013 2976 claudantur
2037 2910 2452 2976 calamitate.

351 3010 629 3078 Idcirco
685 3014 852 3078 totis
905 3013 1360 3096 satagendum
1417 3019 1524 3077 est
1582 3011 1847 3076 uiribus
1895 3019 1973 3076 ut
2029 3010 2151 3094 qui
2208 3012 2456 3096 opibus

351 3111 758 3179 habundant
801 3114 1190 3193 mundanis,
1224 3132 1380 3179 cum
1425 3113 1719 3178 terrenis
1751 3110 2141 3196 Olympica,
2177 3131 2259 3177 ac
2292 3133 2449 3178 cum

351 3213 631 3279 caducis
676 3234 1024 3293 mansura,
1053 3233 1347 3298 cumque
1389 3213 1807 3278 transitoriis
1848 3219 1921 3278 et
1962 3215 2455 3279 momentaneis

353 3314 558 3379 rebus
599 3323 936 3398 perpetua
977 3321 1372 3380 mercantur
1412 3313 1835 3389 habitacula,
1868 3312 1987 3376 ubi
2024 3314 2456 3380 omnitenens

349 3414 663 3480 conditor
705 3417 920 3480 cosmi
962 3417 1034 3480 in
1068 3415 1270 3480 trinis
1313 3414 1770 3480 essentialiter
1808 3413 2115 3478 existens
2148 3415 2459 3496 personis

353 3524 424 3580 et
473 3536 618 3580 uno
656 3516 1207 3582 substantialiter
1257 3533 1667 3598 permanens
1718 3522 2059 3592 onomate,
2096 3515 2457 3598 ymnidicis

351 3616 854 3700 circumseptus
879 3615 1282 3699 angelorum
1313 3615 1613 3699 undique
1638 3614 1889 3693 choriS,
1916 3615 2365 3678 inennarabili
2387 3623 2460 3681 et

353 3717 826 3798 inuestigabili
857 3717 1127 3800 fulgore
1162 3715 1546 3800 splendenti
1578 3715 1833 3781 residet
1863 3714 2064 3792 solio,
2100 3714 2219 3778 ubi
2248 3715 2457 3779 etiam

348 3818 784 3883 coruscantia
814 3819 1317 3900 patriarcarum
1358 3815 1642 3899 agmina
1688 3835 1771 3880 ac
1818 3814 2124 3878 ueridica
2157 3815 2456 3899 prophe-

356 3926 579 3983 tarum
637 3919 1248 4002 apostolorumque
1297 3919 1504 3982 turba
1549 3925 1623 3982 et
1677 3917 2033 3980 beatorum
2084 3915 2461 3982 uictoriosa

349 4029 736 4104 martyrum
799 4027 1103 4096 caterua,
1162 4036 1426 4083 necnon
1489 4024 1561 4082 et
1624 4015 1931 4098 gloriosa
1989 4016 2455 4082 confessorum

353 4121 842 4204 uirginumque
911 4127 1164 4196 turma,
1237 4119 1360 4184 sed
1439 4125 1511 4182 et
1592 4116 1975 4181 clarissima
2049 4125 2455 4214 cunctarum

351 4222 758 4288 coelestium
811 4221 1150 4286 uirtutum
1194 4219 1486 4296 familia,
1537 4219 1609 4282 in
1657 4216 1987 4301 perhenni
2032 4217 2256 4299 gloria
2298 4221 2456 4285 cum
