3119 5026
841 457 1186 506 anu‘rAn
1241 459 1929 510 Aucnoslixomcnn.
2344 445 2433 510 97

325 615 480 674 stan
512 611 748 678 abbas.
860 617 939 696 »Β
981 615 1136 697 Ego
1167 613 1510 698 AE’Selgar
1545 619 1781 682 abbas.
1886 621 1963 700 ›1‹
2006 617 2159 700 Ego
2198 615 2431 682 Briht-

325 709 471 778 ἴθι-’6
530 712 858 779 minister.
968 715 1055 799 »Β
1109 716 1263 796 Ego
1325 715 1625 800 AElssige
1689 718 2017 782 minister.
2128 719 2215 803 ›1‹
2276 719 2427 800 Ego

323 809 737 877 AElfuu'eard
784 814 1120 879 minister.
1257 815 1343 900 »Β
1381 817 1535 898 Ego
1580 817 2055 882 AEveluueard
2094 818 2427 884 minister.

331 912 408 991 ›1‹
475 910 629 992 Ego
688 912 1022 979 Uulfstan
1077 916 1409 982 minister.
1520 918 1608 1002 ›1‹
1660 917 1813 1000 Ego
1866 915 2231 983 Eaduuine
2296 919 2425 982 mi-

324 1010 558 1078 nister.
667 1011 753 1096 >1<
797 1015 950 1095 Ego
995 1014 1379 1081 Leofuuine
1423 1017 1757 1082 minister.
1865 1019 1952 1103 »Β
1990 1019 2143 1100 Ego
2176 1019 2427 1083 AElfrie

321 1110 654 1176 minister.
806 1113 892 1198 »Β
965 1115 1120 1196 Ego
1198 1115 1563 1200 fflelsige
1637 1116 1964 1182 minister.
2116 1121 2193 1200 ›1‹
2274 1119 2427 1201 Ego

321 1209 798 1278 AE'Geluueard
842 1215 1174 1282 minister.
1275 1220 1352 1299 ›1‹
1395 1217 1550 1300 Ego
1601 1217 1847 1283 AElfric
1900 1219 2234 1283 minister.
2336 1221 2417 1301 ›1‹

325 1309 475 1390 Ego
511 1310 844 1395 Uulfgeat
876 1315 1206 1382 minister.

1251 1499 1494 1510 ——-

1114 1616 1627 1683 Mccnxlx.

1053 1739 1496 1846 mucan,
1540 1767 1692 1832 970.

424 1914 510 1999 »Β
547 1914 940 1981 UNIUERSA
967 1935 1178 2000 opum
1207 1916 1663 1981 saecularium
1695 1915 2108 1998 patrimonia
2138 1917 2415 1982 incertis

318 2023 646 2097 nepotum
710 2016 1118 2081 haeredibus
1185 2017 1689 2100 relinquuntur,
1754 2023 1825 2080 et
1900 2018 2121 2080 omnis
2182 2020 2419 2082 mundi

317 2114 564 2194 gloria,
619 2117 1220 2201 appropinquante
1274 2118 1460 2182 uitae
1508 2116 1751 2182 mortis
1799 2117 2117 2194 termino,
2174 2119 2260 2182 ad
2314 2120 2417 2182 ni-

317 2213 534 2302 hilum
600 2216 887 2282 reducta
953 2216 1268 2296 fatescit3
1338 2217 1587 2281 iccirco
1650 2217 1940 2281 terrenis
1998 2217 2413 2284 caducarum

320 2310 612 2402 [rerum]
699 2317 1248 2400 possessionibus
1325 2335 1615 2399 semper,
1672 2335 1999 2381 mansura
2080 2337 2417 2401 supernae

315 2415 586 2494 patriae
661 2418 1123 2481 emolumenta
1208 2416 1690 2499 adipiscentes»,
1762 2416 2039 2482 domino
2113 2420 2413 2499 patroci-

315 2521 548 2592 nante,
610 2516 974 2583 lucremur.
1079 2516 1548 2599 Quamobrem
1606 2534 1735 2598 ego
1788 2517 2150 2599 Eadgarus
2198 2520 2415 2583 totius

317 2614 720 2682 Britanniae
783 2618 1087 2683 basileus
1158 2617 1502 2699 quandam
1578 2617 1755 2681 ruris
1827 2617 2238 2699 particulam
2308 2636 2413 2683 .x.

317 2714 640 2781 uidelicet
703 2723 1041 2794 cassatos,
1105 2716 1176 2781 in
1240 2718 1394 2781 loco
1461 2716 1582 2799 qui
1644 2716 1897 2781 celebri
1962 2724 2055 2781 aet
2110 2717 2413 2783 Lintune

311 2823 753 2898 nuncupatur
767 2816 1150 2894 uocabulo,
1175 2816 1454 2881 domino
1483 2816 1771 2898 eiusque
1796 2816 2110 2897 genitrici
2140 2817 2411 2883 Mariae

313 2932 584 2980 necnon
627 2924 700 2980 et
749 2915 1202 3002 AEvelssryssae
1254 2920 1631 2999 perpetuae
1676 2915 1931 2997 uirgini
1994 2916 2081 2979 ad
2137 2937 2409 2983 monas-

314 3013 559 3078 terium
614 3016 801 3098 quod
843 3017 916 3081 in
965 3017 1076 3080 Eli
1127 3017 1336 3081 situm
1381 3023 1512 3093 est,
1555 3015 1647 3083 ad
1700 3034 1867 3079 usus
1917 3015 2407 3081 monachorum

312 3113 406 3178 ibi
483 3115 908 3197 degentium,
975 3124 1312 3200 perpetua
1377 3115 1675 3197 largitus
1746 3118 1898 3181 sum
1964 3114 2414 3195 haereditate,

311 3221 388 3278 ut
427 3214 552 3280 illo
595 3216 1091 3299 perpetualiter
1130 3236 1288 3281 cum
1334 3216 1651 3283 omnibus
1695 3214 2128 3291 utensilibus»,
2165 3218 2408 3300 pratis,

311 3314 658 3393 uidelicet,
698 3316 998 3399 pascuiS‚
1045 3316 1264 3393 siluis,
1321 3316 1684 3399 pertineat.
1792 3313 1905 3378 Ad
1951 3313 2129 3379 hanc
2177 3323 2407 3380 autem

313 3415 628 3481 tellurem
680 3415 902 3482 multa
957 3417 1221 3499 iugera,
1273 3435 1361 3480 ex
1420 3415 1715 3483 diuersis
1769 3415 2411 3500 circumiacentibus

307 3516 516 3592 uillis,
552 3516 918 3598 pertinent,
953 3524 1288 3599 perpetua
1331 3515 1661 3596 insignita
1692 3514 2029 3579 libertate.
2136 3515 2243 3581 Sit
2284 3536 2406 3579 au-

313 3624 448 3681 tem
482 3615 910 3698 praedictum
935 3622 1056 3682 rus
1086 3616 1272 3701 omni
1310 3618 1622 3679 terrenae
1659 3615 2017 3679 seruitutis
2046 3614 2210 3697 iugo
2244 3615 2409 3679 libe-

307 3736 482 3795 rum,
523 3716 745 3780 tribus
791 3716 1124 3799 exceptis»,
1174 3721 1330 3779 rata
1369 3713 1690 3779 uidelicet
1733 3713 2195 3796 expeditione,
2236 3734 2406 3797 pon-

312 3818 396 3880 tis
453 3817 726 3881 arcisue
779 3816 1304 3881 restauratione.
1409 3814 1483 3879 Si
1537 3814 1693 3896 quis
1744 3814 1959 3895 igitur
2012 3812 2189 3876 hanc
2246 3834 2403 3878 nos-

307 3924 484 3981 tram
515 3916 958 3981 donationem
981 3918 1052 3980 in
1079 3915 1264 3979 aliud
1291 3934 1500 3997 quam
1528 3913 2011 3978 constituimus
2039 3913 2407 3979 transferre

309 4016 630 4094 uoluerit,
692 4016 1008 4098 priuatus
1071 4016 1419 4080 consortio
1489 4021 1773 4080 sanctae
1837 4013 1948 4076 dei
2006 4013 2408 4091 aecclesiae,

309 4117 606 4181 aeternis
649 4115 958 4180 barathri
1001 4116 1332 4180 incendiis
1375 4114 1690 4197 lugubris
1732 4113 1988 4195 iugiter
2030 4131 2185 4203 cum
2234 4113 2409 4178 Iuda

309 4216 562 4282 Christi
606 4215 959 4299 proditore
989 4216 1271 4299 eiusque
1305 4211 1753 4297 complicibus
1793 4212 2137 4307 puniatur,
2172 4214 2239 4279 si
2270 4234 2408 4278 non
2494 4270 2500 4277 .

403 4335 574 4383 τοΜ.
613 4334 710 4385 v1.
2060 4330 2111 4375 H
