3119 5026
856 415 1203 464 castrus
1247 417 1937 466 AnomsAxochz.
2421 401 2466 462 7

346 569 507 632 tatis
552 569 891 653 glorietur
923 573 1310 656 priuilegio.
1414 573 1522 639 Sit
1556 581 1790 638 autem
1837 574 2226 655 praefatum
2275 594 2461 638 mon-

346 671 675 735 asterium
711 675 901 738 omni
947 683 1263 740 terrenae
1304 673 1664 739 seruitutis
1712 674 1952 738 eodem
2009 681 2246 739 tenore
2289 675 2459 740 libe-

342 789 519 846 rum,
552 791 695 854 quo
726 795 770 838 a
808 777 1365 858 praecessoribus
1412 776 1668 841 nostris
1713 774 2092 853 catholiciS‚
2133 795 2176 840 a
2217 783 2462 840 sancto

344 869 607 950 Leone,
666 875 1015 954 uidelicet,
1082 895 1271 959 papa
1328 884 1401 941 et
1464 875 1800 941 Coenulso
1861 895 2026 958 rege
2093 875 2458 954 catholico,

340 978 623 1036 uetusto
656 976 1049 1040 continetur
1074 977 1466 1059 priuilegio,
1498 976 1796 1040 Retiuno
1825 976 2076 1040 abbate
2104 977 2461 1058 optinente

338 1071 690 1154 solutum3
756 1077 912 1158 agri
959 1077 1277 1160 equidem
1347 1074 1535 1162 [qui]
1599 1076 1692 1140 ad
1745 1095 1914 1140 usus
1967 1075 2458 1140 monachorum

338 1171 625 1238 domino
676 1183 915 1241 nostro
946 1177 1156 1242 Ihesu
1188 1177 1469 1242 Christo
1504 1177 1792 1260 eiusque
1837 1174 2156 1258 genitrici
2187 1176 2457 1240 Mariae

342 1273 589 1354 priscis
622 1276 1108 1360 modernisque
1158 1277 1586 1360 temporibus
1617 1295 1662 1340 a
1689 1277 1969 1357 regibus
2011 1283 2084 1340 et
2115 1276 2458 1358 religiosis

340 1375 709 1459 utriusque
738 1396 952 1441 sexus
979 1377 1389 1454 hominibus,
1414 1384 1485 1441 et
1514 1396 1562 1440 a
1593 1378 1857 1459 meipso
1879 1395 2173 1458 meoque
2203 1384 2454 1460 patruo

343 1472 669 1541 Eadredo
730 1497 894 1559 rege
960 1477 1387 1556 fidelissimo,
1444 1477 1872 1542 restituendo
1935 1478 2082 1543 iure
2145 1479 2456 1541 concessi

342 1584 533 1650 sunt,
566 1577 878 1642 eiusdem
912 1579 1407 1662 perpetualiter
1430 1578 1583 1642 sint
1625 1577 1991 1642 libertatis.
2100 1576 2288 1640 Nam
2325 1597 2451 1642 rex

340 1677 701 1757 praefatus
748 1697 867 1742 rus
906 1679 1094 1761 quod
1132 1677 1544 1743 'Abbandun
1598 1684 2059 1759 nuncupatur,
2095 1676 2280 1759 quod
2325 1696 2452 1741 rex

342 1774 780 1842 Ceaduualla
832 1779 1111 1844 domino
1162 1786 1401 1844 nostro
1446 1779 1732 1859 eiusque
1796 1776 2115 1860 genitrici
2175 1777 2452 1842 Mariae

340 1877 587 1957 priscis
640 1879 1064 1962 temporibus
1089 1880 1361 1944 devoto
1408 1885 1855 1943 concesserat
1896 1877 2150 1955 animo,
2197 1876 2268 1940 in
2314 1897 2452 1960 quo

338 1978 910 2059 praedecessores
954 1980 1173 2044 nostri
1213 1978 1556 2044 diabolica
1598 1978 1870 2061 decepti
1919 1976 2219 2041 auaritia
2259 1978 2451 2042 aedi-

338 2077 573 2142 ficium
606 2079 843 2162 regale
878 2081 1012 2145 sibi
1038 2081 1293 2144 iniuste
1326 2085 1892 2156 construxerant,
1925 2077 2301 2142 aecclesiae
2339 2078 2452 2143 dei

338 2180 717 2245 restituens
757 2181 1121 2246 interdixit
1156 2189 1237 2246 ut
1280 2200 1521 2262 regum
1567 2199 1768 2243 nemo
1810 2178 1982 2242 inibi
2025 2185 2302 2262 pastum
2333 2198 2453 2242 re-

336 2282 647 2361 quireret
690 2301 817 2346 nec
861 2281 1249 2346 aedificium
1304 2283 1375 2344 in
1437 2280 1927 2362 sempiternum
2001 2285 2452 2342 construeret.

340 2379 549 2458 Quod
628 2400 761 2462 ego
834 2381 1116 2464 Eadgar
1188 2380 1577 2464 Anglorum
1649 2379 1974 2453 basileuS,
2037 2379 2450 2460 optimatum

339 2500 655 2546 meorum
704 2500 873 2546 usus
925 2481 1239 2560 consilio,
1290 2490 1434 2547 tam
1479 2480 1653 2546 meis
1705 2499 1912 2563 quam
1951 2497 2254 2544 meorum
2295 2498 2452 2544 suc-

338 2601 694 2647 cessorum
726 2581 1152 2666 temporibus
1194 2584 1409 2647 fixum
1442 2583 1513 2646 in
1561 2583 1836 2646 nomine
1867 2580 2084 2663 patris
2113 2587 2184 2643 et
2227 2580 2349 2643 filii
2382 2590 2451 2645 et

338 2684 627 2765 spiritus
672 2685 896 2748 sancti
928 2684 1075 2748 fieri
1118 2683 1189 2746 in
1232 2691 1588 2748 aeternum
1627 2681 2002 2765 praecipio.
2107 2679 2450 2762 Tempore
2533 2758 2536 2761 ⁴

336 2784 684 2866 siquidem
729 2803 867 2866 quo
912 2804 1076 2849 rura
1130 2803 1309 2866 quae
1338 2784 1617 2847 domino
1652 2783 1906 2846 deuoto
1937 2799 2263 2844 concessa
2291 2788 2454 2844 sunt

339 2886 573 2949 animo
626 2884 877 2950 iniuste
930 2905 974 2949 a
1026 2892 1271 2950 sancta
1319 2884 1432 2948 dei
1484 2883 1822 2947 aecclesia
1869 2881 2106 2945 ablata
2153 2874 2450 2958 fuerant,

336 2986 585 3067 perfidi
638 2988 894 3068 quique
946 3005 1167 3050 nouas
1234 2986 1364 3049 sibi
1417 2983 1913 3047 haereditarias
1962 2980 2202 3045 kartas
2248 3000 2449 3044 usur-

337 3093 587 3167 pantes
652 3086 1051 3165 ediderunt3
1116 3086 1237 3149 sed
1296 3086 1367 3149 in
1423 3085 1642 3167 patris
1712 3090 1782 3148 et
1843 3081 1968 3145 filii
2029 3089 2100 3145 et
2165 3081 2449 3165 spiritus

338 3188 567 3251 sancti
648 3188 922 3251 nomine
994 3187 1454 3271 praecipimus
1523 3192 1602 3248 ut
1679 3182 2177 3247 catholicorum
2252 3202 2451 3247 nemo

339 3288 621 3351 easdem
684 3282 993 3370 recipiat,
1058 3287 1176 3351 sed
1237 3306 1282 3350 a
1342 3285 1610 3349 cunctis
1669 3283 2072 3366 repudiatae
2133 3281 2450 3346 fidelibus

337 3388 407 3451 in
488 3387 934 3452 anathemate
1012 3388 1453 3469 deputentur,
1534 3385 1755 3448 ueteri
1843 3383 2097 3465 iugiter
2170 3383 2452 3463 uigente

340 3487 730 3570 priuilegio,-
821 3487 896 3551 Si
934 3489 1091 3571 quis
1136 3507 1305 3552 uero
1350 3494 1495 3551 tam
1546 3484 2049 3568 epilempticuS,
2098 3482 2450 3566 philargy-

339 3590 482 3653 riae
534 3588 867 3654 seductus
918 3588 1239 3667 amentia,
1276 3588 1459 3669 quod
1504 3606 1644 3650 non
1693 3593 2039 3669 optamuS‚
2071 3583 2247 3647 hanc
2294 3602 2450 3646 nos-

340 3697 487 3754 trae
520 3689 1029 3753 munificentiae
1057 3688 1522 3771 dapsilitatem
1567 3705 1741 3751 ausu
1771 3685 2133 3750 temer-ario
2162 3682 2452 3765 infring-

342 3810 454 3855 ere
506 3790 976 3872 temptauerit,
1008 3790 1100 3854 sit
1125 3790 1276 3872 ipse
1320 3788 1660 3853 alienatus
1697 3807 1744 3851 a
1787 3784 2132 3851 consortio
2167 3791 2456 3848 sanctae

346 3890 451 3955 dei
494 3890 897 3966 aecclesiae,
945 3909 1211 3954 necnon
1254 3897 1325 3954 et
1368 3908 1411 3953 a
1456 3886 1982 3971 participatione
2033 3886 2454 3950 sacrosancti
2570 3965 2580 3974 ·

345 3992 647 4075 corporis
696 3997 766 4054 et
812 3992 1171 4073 sanguinis
1203 3990 1414 4054 Ihesu
1446 3988 1706 4053 Christi
1751 3986 1875 4051 filii
1917 3984 2052 4062 dei,
2083 4005 2206 4068 per
2250 4004 2453 4068 quem

347 4100 530 4157 totus
565 4100 909 4157 terrarum
961 4092 1147 4156 orbis
1197 4092 1285 4155 ab
1340 4090 1628 4171 antiquo
1673 4087 1954 4151 humani
2003 4086 2276 4169 generis
2321 4087 2453 4150 ini-

351 4193 519 4258 mico
574 4193 909 4257 liberatus
969 4201 1117 4268 est;
1198 4200 1267 4255 et
1337 4210 1493 4256 cum
1552 4189 1734 4253 Iuda
1787 4187 2048 4253 Christi
2105 4186 2454 4269 proditore
