3119 5026
814 458 1160 509 emuna
1206 458 1445 508 ,mono
1458 458 1898 509 sAxochss.
2326 444 2418 509 45

312 635 461 683 oum
509 637 650 701 qua
693 616 1073 700 Sigelmum
1116 621 1386 699 patrem
1431 633 1661 681 meum
1707 616 1809 680 ire
1852 616 2202 702 oportuit;
2253 636 2407 682 cum

317 735 474 781 uero
521 737 598 782 se
645 726 925 801 pararet
976 724 1312 781 uenerunt
1364 716 1468 780 illi
1523 716 1595 781 in
1656 724 1885 781 mente
1929 733 2153 784 mxx.
2193 718 2412 783 librae

309 836 484 900 quas
520 817 765 885 Godae
799 819 1116 895 debebat,
1151 836 1328 899 quas
1355 818 1598 881 statim
1628 817 1689 883 ei
1727 817 2010 883 reddere
2040 818 2226 885 fecit.
2319 819 2413 885 Et

319 919 474 1001 quia
516 939 643 985 nec
686 918 904 984 filium
949 939 1079 983 nec
1121 917 1339 982 filiam
1385 918 1518 981 nisi
1562 937 1673 981 me
1724 917 1988 997 habuit,
2044 918 2409 986 haeredem

315 1038 418 1083 me
454 1018 623 1084 fecit
665 1020 852 1085 illius
889 1025 1116 1083 terrae
1151 1025 1222 1083 et
1256 1019 1563 1083 omnium
1604 1026 1939 1084 terrarum
1986 1040 2294 1100 suarum,
2340 1030 2412 1087 et

315 1118 519 1183 libros
555 1120 763 1185 michi
793 1120 1000 1186 dedit.
1111 1119 1322 1185 Forte
1363 1126 1532 1184 tunc
1584 1119 1814 1185 euenit
1859 1127 2128 1204 patrem
2184 1142 2409 1188 meum

314 1219 384 1283 in
416 1220 598 1285 bello
641 1220 1012 1296 cecidisse3
1071 1227 1439 1303 postquam
1487 1226 1723 1285 autem
1764 1221 1945 1285 idem
1982 1221 2186 1287 Goda
2216 1223 2411 1289 audi-

318 1321 414 1385 uit
444 1321 842 1386 defunctum
879 1322 952 1386 in
981 1319 1163 1386 bello
1194 1340 1370 1398 esse,
1395 1321 1681 1403 negauit
1712 1322 1842 1385 sibi
1877 1323 2167 1405 triginta
2200 1324 2413 1389 libras

316 1423 700 1504 persolutas
765 1421 1004 1500 fuisse,
1057 1428 1452 1504 terramque
1497 1440 1705 1505 quam
1752 1442 1879 1505 pro
1928 1424 2323 1490 uadimonio
2368 1446 2412 1491 a

314 1528 504 1604 patre
539 1542 695 1587 meo
725 1523 994 1607 accepit
1025 1522 1321 1586 detinuit
1349 1522 1492 1585 fere
1526 1542 1652 1605 per
1696 1542 1823 1586 sex
1842 1536 2094 1589 annos.
2193 1525 2411 1591 Sexto

316 1641 472 1687 uero
509 1642 696 1688 anno
731 1624 1013 1706 quidam
1053 1624 1479 1706 propinquus
1519 1642 1715 1687 meus
1754 1623 2027 1689 nomine
2068 1624 2410 1709 Byrhsige

317 1722 586 1807 Dyring
614 1725 850 1807 'coepit
880 1724 1218 1787 instanter
1253 1729 1490 1805 aperte
1525 1724 1856 1806 conqueri
1892 1725 2077 1807 apud
2113 1727 2409 1808 optima-

315 1829 414 1887 tes
453 1832 522 1889 et
565 1825 914 1908 principes
959 1830 1029 1888 et
1071 1824 1420 1906 sapientes
1464 1824 1659 1905 regni
1702 1824 1791 1888 de
1834 1824 2086 1889 iniuria
2129 1827 2411 1910 propin-

315 1944 486 2007 quae
539 1944 712 1990 suae
757 1944 803 1988 a
854 1923 1148 1989 Godone
1195 1922 1402 1988 facta.
1509 1923 1899 2008 optimates
1931 1934 2163 1991 autem
2196 1936 2267 1992 et
2300 1946 2409 1993 sa·

314 2025 575 2108 pientes
620 2046 747 2109 pro
789 2025 1068 2089 iusticia
1112 2025 1544 2102 inuenerunt,
1580 2031 1650 2089 et
1687 2026 1871 2089 iusto
1902 2027 2155 2091 iudicio
2180 2028 2413 2094 decre-

306 2134 557 2191 uerunt
591 2126 776 2211 quod
811 2145 968 2208 ego,
995 2144 1173 2208 quae
1206 2125 1350 2189 filia
1384 2131 1455 2189 et
1490 2124 1733 2190 haeres
1752 2128 1898 2191 eius
1930 2146 2109 2205 sum,
2139 2137 2407 2211 patrem

314 2245 536 2291 meum
586 2246 885 2311 purgare
931 2226 1272 2303 deberem,
1320 2225 1643 2290 uidelicet
1684 2235 2137 2307 sacramento,
2188 2246 2410 2297 .XXX.

309 2326 674 2405 librarum,
701 2327 979 2391 easdem
1008 2327 1298 2409 triginta
1335 2327 1551 2391 libras
1596 2335 1865 2409 patrem
1896 2346 2123 2393 meum
2153 2333 2409 2412 persol-

313 2428 536 2509 uisse3
579 2429 784 2513 quod,
817 2434 995 2492 teste
1024 2434 1174 2493 toto
1209 2447 1447 2510 regno,
1478 2427 1664 2511 apud
1688 2424 2098 2509 Ag'elesford
2133 2433 2408 2516 peregi;

315 2531 426 2596 sed
455 2551 604 2596 non
636 2537 802 2595 tunc
831 2528 1111 2613 quidem
1139 2529 1336 2612 potui
1367 2536 1625 2594 terram
1668 2549 1890 2594 meam
1934 2530 2210 2609 habere,
2244 2552 2410 2615 quo-

317 2631 625 2717 adusque
678 2630 881 2696 amici
921 2630 1065 2694 mei
1122 2649 1356 2712 regem
1410 2629 1901 2696 Eaduuardum
1956 2631 2292 2711 adierunt,
2341 2643 2414 2700 et

315 2731 501 2798 illum
535 2752 670 2816 pro
700 2731 940 2797 eadem
963 2737 1152 2795 terra
1181 2730 1660 2813 requisierunt.
1765 2729 1907 2808 Qui
1938 2731 2258 2797 uidelicet
2282 2755 2409 2800 rex

316 2831 529 2900 eidem
581 2832 881 2910 Godoni,
923 2851 1134 2915 super
1168 2850 1439 2894 omnem
1485 2829 1813 2895 honorem
1859 2850 2063 2914 quem
2108 2833 2193 2898 de
2244 2854 2408 2918 rege

314 2935 554 3012 tenuit,
611 2932 1036 3019 praedictam
1086 2939 1341 2996 terram
1409 2929 1793 3008 interdixit,
1860 2933 2097 3016 sicque
2158 2941 2411 3000 terram

315 3033 599 3100 dimisit.
706 3032 776 3097 N
779 3053 869 3098 on
929 3031 1150 3096 multo
1213 3037 1447 3096 autem
1505 3038 1666 3114 post
1740 3040 2047 3114 tempore
2112 3037 2409 3118 contigit

312 3137 602 3200 eundem
634 3133 992 3198 Godonem
1028 3151 1259 3199 coram
1305 3151 1471 3214 rege
1512 3132 1613 3196 ita
1660 3131 2026 3216 inculpari,
2062 3135 2244 3217 quod
2284 3157 2409 3220 per

313 3235 661 3302 iudicium'
695 3233 1044 3299 iudicatus
1107 3232 1199 3297 sit
1257 3233 1542 3316 perdere
1570 3230 1819 3297 'omnia
1876 3253 2055 3316 quae
2107 3236 2191 3300 de
2246 3257 2410 3321 rege

316 3339 563 3415 tenuit,
587 3337 942 3418 uitamque
968 3335 1118 3399 eius
1141 3353 1292 3398 esse
1318 3334 1392 3398 in
1413 3333 1667 3398 iudicio
1696 3334 1903 3415 regis.
1982 3335 2144 3400 Rex
2178 3345 2410 3403 autem

317 3436 496 3502 dedit
528 3438 828 3502 eundem
857 3434 1068 3500 michi
1120 3442 1191 3499 et
1235 3435 1468 3499 omnia
1509 3452 1639 3497 sua
1682 3453 1840 3496 cum
1885 3434 2075 3499 libris
2106 3439 2409 3502 omnium

317 3545 655 3604 terrarum
697 3556 1005 3612 suarum,
1055 3542 1136 3600 ut
1177 3535 1270 3600 de
1325 3555 1408 3600 eo
1457 3535 1752 3608 facerem
1798 3537 2173 3600 secundum
2226 3539 2408 3621 quod

316 3638 712 3722 promeruit.
817 3637 972 3718 Ego
1009 3643 1249 3700 autem
1271 3637 1417 3718 ‚pro
1457 3632 1705 3700 timore
1747 3635 1859 3699 dei
1906 3656 2043 3700 non
2082 3654 2259 3702 ausa
2311 3637 2411 3704 fui

311 3740 600 3806 reddere
647 3739 712 3803 ei
755 3737 1132 3804 secundum
1179 3737 1363 3819 quod
1398 3743 1643 3801 contra
1684 3755 1795 3800 me
1836 3737 2235 3819 promeruit,
2287 3740 2409 3803 sed

317 3841 579 3906 reddidi
625 3839 692 3904 ei
739 3856 989 3907 omnes
1035 3845 1256 3902 terras
1303 3855 1467 3902 suas
1525 3842 1824 3918 excepta
1870 3844 2058 3901 terra
2116 3838 2407 3905 duorum

319 3951 702 4007 aratrorum
737 3940 934 4023 apud,
953 3937 1360 4018 Osterland3
1395 3937 1607 4001 libros
1641 3945 1871 4001 autem
1911 3931 2250 4002 terrarum
2273 3961 2409 4006 non

312 4042 578 4108 reddidi
613 4043 703 4118 ei,
737 4041 1034 4124 probare
1066 4039 1246 4104 enim
1275 4037 1469 4103 uolui
1495 4055 1708 4120 ‘quam
1737 4036 1939 4101 fidem
1968 4038 2053 4102 de
2083 4040 2411 4108 beneficio

319 4151 555 4210 contra
610 4149 717 4207 tot
766 4141 1058 4206 iniurias
1104 4138 1309 4203 michi
1354 4139 1441 4202 ab
1487 4157 1571 4202 eo
1619 4136 1849 4202 illatas
1894 4144 2128 4203 tenere
2180 4142 2407 4206 uellet.

319 4243 666 4309 Defuncto
693 4249 931 4306 autem
974 4241 1252 4306 domino
1279 4258 1431 4304 meo
1467 4259 1630 4321 rege
1677 4237 2119 4316 Eaduuardo,
2168 4241 2416 4310 AEssel*
