3119 5026
874 448 1221 497 ann'rAn
1266 449 1503 497 Aucto
1516 448 1958 497 sAxochn.
2345 434 2478 497 139

1170 704 1520 769 Mccxc
1532 702 1660 769 1V.

1032 853 1562 932 AEDELRED,
1607 856 1800 921 1000.

465 998 551 1083 »Β
592 998 755 1063 PAx
808 1009 879 1065 et
929 1002 1226 1067 uictoria
1274 1004 1702 1085 apostolicae
1749 1002 1910 1067 fidei
1962 1002 2340 1069 cultoribus
2396 1004 2468 1067 in

364 1102 811 1180 perpetuum!
948 1100 1351 1167 Aecclesiae
1418 1122 1585 1167 uero
1637 1102 2019 1167 catholicae
2088 1103 2470 1167 auctoritas

360 1197 540 1277 iugis
592 1207 664 1265 et
711 1200 1053 1265 indefessa
1110 1210 1433 1284 optamus
1487 1210 1564 1266 ut
1613 1210 2053 1285 permaneat3
2119 1202 2203 1267 ad
2268 1222 2470 1268 sacra

364 1305 594 1362 autem
663 1302 1064 1365 sanctuaria
1135 1304 1209 1365 in
1282 1302 1538 1366 domini
1617 1303 2114 1386 gazophylacio
2193 1302 2470 1366 diuersa

364 1395 687 1463 iubentur
754 1400 1002 1465 iactari
1064 1420 1149 1465 ac
1212 1401 1439 1465 offerri
1516 1403 1792 1479 exenia,
1863 1404 2027 1485 quia
2091 1403 2234 1482 regi
2302 1409 2470 1465 nato

364 1496 708 1561 coelorum
756 1510 835 1563 ut
887 1501 1219 1582 scriptum
1268 1511 1399 1577 est,
1441 1506 1461 1536 ‘
1487 1499 1723 1583 Reges
1767 1509 1992 1565 terrae
2025 1520 2311 1565 munera
2345 1502 2466 1565 ob-

364 1595 717 1662 tulerunt.'
810 1598 1015 1663 Unde
1054 1620 1187 1681 ego
1231 1599 1646 1665 AE'Selredus
1694 1620 1820 1664 rex-
1861 1621 1999 1664 non
2043 1601 2466 1681 incognitum

362 1697 525 1759 uolo
561 1716 714 1761 esse
744 1701 1059 1763 omnibus
1092 1701 1260 1763 mihi
1290 1700 1913 1782 genuflectentibus
1941 1700 2121 1783 quod
2156 1699 2239 1763 ad
2271 1719 2467 1763 sanc·

365 1798 666 1860 tuarium
696 1797 1272 1863 Abbandunensis
1305 1800 1723 1875 monasterii,
1763 1800 2111 1863 obtinente
2147 1799 2468 1864 uidelicet

363 1896 737 1977 Wulsgaro
766 1900 1041 1977 abbate,
1071 1899 1361 1964 offerens
1397 1899 1657 1981 largior
1695 1916 1785 1985 Af.
1823 1918 2216 1964 mansorum
2252 1899 2472 1963 cultu-

366 2016 477 2059 ras
506 2014 639 2061 .111.
666 1999 737 2060 in
764 1998 931 2061 uilla
958 1999 1300 2082 Draegtun
1330 2016 1427 2062 .11.
1452 2000 1523 2062 in
1552 1999 1835 2075 Suttun,
1859 2019 2014 2063 cum
2041 2018 2182 2063 uno
2213 2000 2468 2063 molen-

364 2096 549 2172 dino,
582 2116 891 2179 campoS,
920 2118 1203 2181 pascua,
1236 2106 1463 2181 prata,
1494 2100 1566 2161 in
1603 2106 1978 2181 perpetuae
2022 2098 2470 2164 haereditatis

364 2196 535 2273 iure,
584 2195 767 2261 sicut
816 2198 1247 2283 WulfgaruS,
1296 2218 1488 2262 meus
1532 2198 1852 2262 uidelicet
1903 2198 2248 2281 pincerna,
2290 2200 2468 2263 obti-

360 2297 530 2359 nuit.
608 2296 842 2359 Huius
868 2316 955 2359 au
966 2306 1101 2361 tem
1137 2298 1477 2362 ruricolae
1504 2298 1776 2362 telluris
1808 2298 2237 2381 praecipiens
2268 2318 2470 2381 prae-

362 2396 543 2479 cipio
591 2405 669 2460 ut
715 2405 1168 2479 permaneant
1218 2398 1437 2475 liberi,
1498 2398 1886 2479 segregatis
1938 2399 2158 2462 tribus
2214 2400 2471 2477 causis,

362 2496 807 2580 expeditione
863 2496 1127 2562 scilicet
1193 2497 1449 2576 hostili,
1516 2497 1917 2563 fundatione
1978 2499 2212 2581 regiae
2265 2497 2469 2574 arciri,

364 2597 869 2662 restauratione
903 2598 1157 2679 pontis,
1262 2598 1337 2662 Si
1380 2600 1535 2682 quis
1583 2618 1746 2662 uero
1790 2598 2066 2662 inuidus
2112 2597 2472 2680 ignicomis

364 2696 835 2780 philargyriae
879 2697 1171 2761 fiammis
1211 2716 1568 2775 accensus,
1608 2697 1768 2761 huic
1814 2696 2118 2761 ueridico
2163 2697 2470 2762 libellulo

364 2798 579 2862 alium
616 2797 1475 2863 circum-attramentatum
1519 2797 1920 2881 cupiditatis
1963 2796 2240 2861 fallacia
2273 2797 2474 2860 libel-

366 2897 584 2960 lulum
622 2897 1181 2980 superimponere
1219 2906 1509 2962 conatus
1537 2897 1768 2974 inerit,
1804 2898 1897 2962 sit
1928 2897 2297 2961 anathema
2326 2915 2474 2960 ma—

368 3006 645 3072 ranata,
694 2996 824 3061 hoc
878 3005 1009 3074 est,
1052 2996 1381 3062 alienatio
1429 3018 1473 3062 a
1516 2998 1864 3062 consortio
1918 2996 2468 3076 christianorum,

368 3097 590 3162 donec
644 3096 1051 3179 resipiscens
1094 3093 1445 3180 poeniteat
1496 3096 1680 3181 quod
1732 3098 1805 3160 in
1854 3097 2154 3160 inuidiae
2202 3096 2470 3162 fallacis

366 3198 589 3261 liuore
616 3197 1055 3279 probauerat.
1134 3195 1319 3260 Acta
1348 3207 1454 3261 est
1484 3217 1652 3278 ergo
1683 3197 1854 3261 haec
1877 3196 2146 3261 cartula
2171 3216 2353 3260 anno
2384 3201 2472 3262 ab

366 3297 843 3363 incarnatione
886 3296 1145 3361 domini
1191 3296 1554 3361 millesimo
1609 3316 1815 3374 anno,
1863 3296 2234 3361 indictione
2281 3315 2466 3362 ,x111.

368 3405 438 3462 et
492 3405 571 3461 ut
636 3396 805 3459 haec
848 3397 1119 3461 cartula
1170 3395 1588 3461 inuiolabilis
1642 3396 1988 3460 firmitatis
2050 3396 2470 3462 soliditatem

366 3495 678 3563 obtinere
712 3497 960 3578 possit,

476 3599 557 3678 ›1-
596 3597 749 3678 Ego
778 3616 903 3659 rex
934 3596 1193 3680 primus
1223 3595 1442 3677 regali
1472 3595 1766 3660 dextera
1789 3595 2069 3660 eandem
2105 3597 2472 3660 corroboro

368 3699 825 3779 manibusque
874 3696 1175 3760 omnium
1216 3696 1385 3759 mihi
1426 3695 1889 3760 subiectorum
1927 3695 2014 3758 ad
2060 3694 2471 3759 confirman-

372 3798 534 3862 dum
562 3796 934 3880 praecipio.
1014 3797 1093 3878 ›1‹
1126 3795 1281 3877 Ego
1307 3795 1673 3860 AE’Selstan
1704 3795 1890 3858 filius
1908 3795 2090 3876 regis
2120 3795 2472 3861 testificor.

380 3899 456 3981 ›1‹
488 3898 646 3980 Ego
696 3895 1062 3959 Eadmund
1114 3894 1395 3961 affirmo.
1516 3897 1596 3978 ›1‹
1637 3895 1789 3976 Ego
1841 3892 2112 3958 Eadred
2161 3896 2473 3959 testimo-

368 4000 556 4062 nium
592 3995 944 4080 perhibeo.
1058 3997 1137 4078 ›1‹
1173 3995 1324 4077 Ego
1366 3995 1641 4059 Eaduui
1683 4015 1818 4058 non
1853 3994 2272 4058 contradico.
2385 3993 2466 4078 *¹⁴

370 4096 521 4181 Ego
572 4096 830 4161 AElfric
883 4096 1433 4159 Dorouernensis
1493 4094 2051 4177 archiepiscopus
2111 4095 2472 4160 conlaudo,

378 4203 455 4282 '1⁴
486 4199 643 4280 Ego
686 4195 1013 4260 Uulfstan
1048 4195 1501 4260 Eboracensis
1536 4195 2096 4278 archiepiscopus
2126 4197 2472 4276 consigno.
