3119 5026
627 444 757 511 158
1138 456 1483 509 casana
1530 456 2224 507 ΑΝσιοεΑΧοΝιοΑιι.

626 619 963 703 nipotenti
998 618 1083 681 ad
1122 617 1614 682 monasterium
1658 616 1954 699 praefati
1999 616 2326 699 martyris
2369 616 2740 681 aeternali-

630 731 735 785 ter
768 719 1253 803 possidendam
1282 716 1610 794 concedo,
1645 735 1937 799 quarum
1961 717 2140 781 duae
2154 716 2358 780 simul
2391 716 2740 793 adiacent,

630 820 760 883 hoc
788 827 897 883 est
930 826 1026 882 aet
1054 816 1423 882 Noffltune
1459 824 1529 881 et
1576 836 1714 879 una
1742 834 1985 881 mansa
2013 823 2108 881 aet
2144 814 2740 898 Rodanhaugron,

632 921 847 984 tercia
875 938 1043 983 uero
1083 936 1393 983 seorsum
1436 918 1576 980 sita
1616 918 1876 981 usitato
1908 916 2246 981 uocabulo
2279 923 2374 981 aet
2401 916 2739 999 Oxange-

630 1020 827 1101 haege
858 1018 1273 1084 nominatur.
1379 1016 1655 1081 Harum
1678 1016 1951 1099 quidem
1977 1023 2317 1081 terrarum
2351 1017 2736 1099 portionem

633 1118 791 1183 offa
850 1136 975 1183 rex
1037 1116 1457 1183 Merciorum
1513 1117 1862 1199 quondam
1918 1118 2139 1198 regali
2196 1117 2343 1181 iure
2398 1116 2737 1200 possedit,

628 1238 919 1302 eamque
956 1218 1045 1283 ad
1086 1217 1518 1301 praedictum
1558 1217 2046 1281 monasterium
2097 1236 2223 1299 pro
2270 1234 2506 1281 amore
2555 1216 2736 1281 tanti

628 1319 953 1403 martyris
989 1320 1108 1401 qui
1140 1318 1310 1381 inibi
1339 1317 1714 1400 requiescit
1743 1323 2029 1381 aeterua
2061 1317 2216 1399 lege
2249 1316 2535 1383 liberam
2567 1336 2734 1381 con-

628 1421 855 1486 cessit.
960 1416 1095 1482 Sed
1150 1436 1236 1482 eo
1284 1416 1722 1500 postmodum
1774 1416 2127 1494 defuncto,
2183 1436 2307 1499 per
2349 1419 2737 1500 potentiam

628 1519 1081 1603 quorumdam
1114 1518 1505 1600 iniquorum
1547 1516 1890 1581 uiolenter
1927 1518 2282 1583 abstracta
2317 1526 2426 1581 est
2453 1524 2525 1581 et
2554 1525 2734 1583 tam-

629 1620 748 1683 diu
784 1621 873 1683 ab
902 1620 1056 1701 ipso
1090 1618 1245 1682 loco
1274 1615 1527 1682 iniuste
1556 1617 1870 1694 exclusa,
1897 1617 2116 1681 donec
2151 1617 2428 1681 tandem
2461 1618 2656 1683 fieret
2690 1638 2738 1683 a

631 1718 956 1784 Leofsino
995 1716 1171 1783 duce
1203 1734 1529 1800 possessa
1552 1736 1592 1796 3·
1618 1717 1738 1800 qui
1772 1716 1960 1795 dum,
1995 1716 2204 1801 culpa
2231 1736 2360 1781 sua
2382 1718 2730 1800 exigente,

626 1820 857 1902 patria
910 1819 1155 1901 pulsus
1210 1818 1551 1894 exularet,
1610 1816 1944 1881 AElfricus
1999 1817 2166 1881 mihi
2237 1816 2458 1882 fidelis
2514 1819 2736 1883 archi-

628 1920 993 2002 episcopus
1025 1926 1097 1982 et
1126 1916 1483 1982 Leofricus
1530 1916 1748 1981 abbas
1791 1917 2005 1982 frater
2046 1918 2194 1982 eius
2239 1917 2526 1982 eandem
2575 1938 2737 2002 por-

626 2019 882 2083 tionem
912 2019 1080 2083 dato
1112 2016 1362 2099 pretio,
1393 2036 1503 2082 me
1540 2017 1990 2095 concedente,
2015 2024 2351 2095 emerunt,
2381 2026 2453 2083 et
2487 2025 2567 2082 ut
2601 2019 2735 2083 deo

626 2114 807 2201 quae
834 2119 946 2182 dei
980 2124 1179 2182 erant
1212 2118 1645 2182 restituerem
1680 2125 1932 2200 rogatu
1966 2116 2386 2182 humillimae
2419 2119 2735 2197 deuotio,-

626 2220 735 2284 nis
765 2218 1232 2283 obtinuerunt.
1340 2217 1513 2283 Post
1544 2218 1810 2281 obitum
1849 2236 2016 2283 uero
2043 2218 2377 2283 nominati
2411 2221 2732 2302 superius

630 2316 1128 2402 archiepiscopi
1178 2318 1665 2401 interpellante
1721 2318 1932 2383 fratre
1970 2318 2188 2400 ipsius
2237 2316 2416 2383 hanc
2469 2327 2736 2384 cartam

627 2439 822 2483 meae
857 2418 1253 2483 donationis
1292 2427 1363 2483 et
1397 2417 1868 2483 renouationis
1899 2419 2194 2482 scribere
2232 2420 2432 2498 iussi3
2488 2420 2558 2483 in
2593 2438 2738 2503 qua

628 2519 1001 2603 praecipio,
1031 2526 1175 2582 tam
1208 2539 1361 2583 mea
1392 2538 1603 2602 quam
1634 2519 1746 2582 dei
1774 2519 2266 2602 omnipotentis
2295 2522 2732 2598 auctoritate,

630 2626 709 2684 ut
743 2619 932 2683 nulla
966 2619 1172 2682 altior
1202 2618 1572 2684 inferiorue
1612 2637 1904 2700 persona
1935 2620 2426 2704 cuiuscumque
2455 2622 2548 2684 sit
2580 2620 2736 2702 dig-

629 2719 891 2796 nitatiS,
919 2719 1098 2783 hanc
1134 2720 1519 2802 portionem
1543 2726 1786 2784 sancto
1817 2721 2106 2802 martyri
2135 2720 2537 2784 subtrahere
2565 2741 2735 2802 qua-

626 2818 796 2884 libet
830 2820 1191 2884 occasione
1233 2825 1658 2901 praesumat‚
1688 2817 1840 2884 siue
1881 2820 1955 2883 in
1988 2819 2159 2883 meis
2191 2821 2340 2883 siue
2369 2840 2730 2885 successo·

627 2939 777 2983 rum
836 2938 1145 2984 meorum
1201 2921 1652 3002 temporibus,
1699 2920 1821 2984 sed
1865 2926 2308 3002 permanente
2357 2920 2616 3002 iugiter
2664 2932 2738 2986 et

624 3018 1069 3100 praeualente
1102 3019 1557 3083 restitutionis
1581 3019 1864 3083 huiusce
1893 3019 2282 3102 priuilegio,
2305 3020 2537 3085 omnia
2567 3039 2731 3085 con—

625 3118 989 3182 trariorum
1050 3118 1407 3182 molimina
1472 3119 1941 3184 adnullentur.
2073 3118 2320 3203 Sitque
2376 3121 2736 3202 praedicta

621 3227 960 3282 terrarum
1012 3219 1359 3300 possessio
1403 3219 1900 3301 perpetualiter
1943 3238 2028 3284 ea
2073 3219 2405 3310 ¹libertate
2447 3221 2732 3303 donata,

622 3335 765 3400 qua
797 3326 1217 3383 memoratus
1253 3337 1379 3382 rex
1424 3317 1844 3384 Mel-ciorum
1887 3325 2032 3384 tam
2059 3321 2464 3385 coenobium
2505 3325 2731 3387 sancti

622 3415 881 3482 Albani
912 3437 1121 3501 quam
1160 3437 1397 3483 omnes
1432 3438 1610 3502 quas
1647 3419 1815 3484 illuc
1847 3419 2223 3484 intromisit
2253 3419 2731 3504 possessiones

620 3518 806 3583 omni
846 3518 1217 3583 deuotione
1260 3519 1537 3596 ditauit,
1581 3519 1802 3583 tribus
1854 3521 2190 3602 exceptiS,
2235 3529 2392 3585 rata
2441 3524 2728 3606 expedi—

620 3619 831 3697 tione,
850 3618 1081 3701 pontis
1112 3619 1381 3683 arcisue
1414 3621 1952 3699 restauratione3
1985 3628 2335 3685 caeterum
2359 3629 2618 3686 cuncta
2643 3625 2729 3688 ad

620 3739 696 3783 se
724 3719 1165 3801 pertinentia,
1192 3720 1444 3802 campi,
1473 3738 1758 3802 pascua,
1792 3728 2020 3803 prata,
2053 3719 2296 3799 siluae,
2331 3729 2403 3788 et
2437 3722 2727 3806 reliqua,

619 3820 837 3884 libera
869 3827 1343 3902 permaneant.
1434 3819 1511 3884 Si
1545 3820 1702 3902 quis
1724 3820 1940 3902 igitur
1961 3820 2130 3884 haec
2158 3821 2438 3886 decreta
2465 3823 2729 3888 uiolare

616 3920 1180 4002 praesumpserit,
1210 3921 1696 4002 omnipotentis
1729 3919 1840 3985 dei
1879 3928 1952 3984 et
1981 3919 2287 3985 omnium
2328 3930 2724 3988 sanctorum

618 4037 907 4101 meaque
942 4027 1013 4084 et
1044 4020 1347 4085 omnium
1388 4019 1919 4085 christianorum
1955 4021 2436 4087 benedictione
2470 4033 2726 4101 careat,

618 4126 689 4182 et
726 4126 1011 4182 aeterna
1055 4121 1537 4185 maledictione
1572 4122 1940 4186 damnatus
1982 4121 2299 4199 intereat,
2339 4122 2475 4186 nisi
2519 4123 2724 4206 digne

616 4219 827 4284 citius
896 4220 1367 4286 emendauerit
1440 4221 1630 4304 quod
1701 4228 1942 4287 contra
2009 4223 2211 4289 deum
2271 4231 2342 4288 et
2409 4234 2722 4290 sanctum
