3119 5026
834 448 1181 502 cnam-An
1225 452 1922 506 Aucmsaxomcn.
2344 446 2434 511 49

314 609 387 689 ›1‹
444 605 602 690 Ego
658 609 1317 677 Leofric²ministen
1430 617 1509 697 ›1‹
1579 615 1732 697 Ego
1793 616 2120 700 Byrhtric
2177 604 2416 684 minis-

308 713 429 772 ter.
506 711 589 792 ›1‹
630 709 790 793 Ego
831 711 1109 794 Ordgar
1143 713 1475 778 minister.
1554 715 1634 798 »ια
1671 716 1826 800 Ego
1848 717 2066 783 Leofa
2088 720 2421 787 minister.

1060 1009 1684 1078 mccxxxlx.

1042 1130 1684 1238 Einossn,mn.

433 1308 516 1389 ›1‹
600 1306 694 1372 IN
763 1316 1085 1373 onomate
1137 1309 1364 1374 almae
1418 1317 1500 1373 ‘et
1563 1310 1964 1376 indiuiduae
2039 1313 2414 1379 trinitatis!

306 1403 581 1470 Cuncta
614 1407 1046 1472 saeculorum
1096 1410 1513 1492 patrimonia
1546 1411 1830 1475 incertis
1874 1420 2205 1495 nepotum
2255 1414 2418 1478 hae-

302 1506 586 1570 redibus
634 1507 1137 1590 relinquuntur,
1196 1517 1268 1574 et
1316 1511 1542 1574 omnis
1591 1511 1826 1576 mundi
1885 1513 2111 1594 gloria
2165 1512 2416 1596 adpro-

304 1607 691 1690 pinquante
758 1609 946 1672 uitae
994 1609 1199 1674 huius
1258 1610 1551 1674 termino
1607 1611 1692 1676 ad
1748 1610 2076 1676 nichilum
2137 1612 2420 1678 reducta

306 1705 611 1772 fatescit.
718 1706 991 1772 Idcirco
1044 1711 1335 1774 terrenis
1390 1711 1802 1775 caducarum
1865 1713 2416 1793 possessionibus

304 1825 585 1890 semper
617 1827 947 1872 mansura
977 1829 1319 1892 supernae
1369 1811 1639 1893 patriae
1687 1811 2150 1876 emolumenta
2197 1811 2418 1896 adipi-⁶

302 1913 583 1971 scentes
643 1907 921 1973 domino
984 1910 1463 1992 patrocinante
1540 1910 1870 1975 lucranda
1957 1912 2410 1978 decreuimuS.

307 2005 778 2086 Quamobrem
822 2027 955 2090 ego
1000 2009 1283 2090 Eadgar
1326 2011 1547 2075 tocius
1597 2010 2036 2076 Brittanniae
2085 2013 2414 2092 basileus,

303 2107 643 2171 instinctu
696 2108 808 2172 dei
870 2104 1193 2186 monituS‚
1257 2129 1511 2192 magno
1577 2110 1787 2174 animi
1847 2114 2207 2176 conamine
2256 2133 2416 2197 pro.

304 2207 579 2284 curaui,
610 2214 693 2271 ut
726 2210 957 2274 omnia
992 2212 1377 2293 praesentis
1414 2207 1604 2274 uitae
1638 2212 1998 2294 commoda
2034 2210 2416 2277 Abbe'ndu-

304 2307 505 2371 nensi
546 2310 987 2387 monasteriO,
1032 2310 1217 2393 quod
1261 2330 1393 2393 ego
1438 2312 1773 2375 creatoris
1816 2312 2031 2375 nostri
2067 2313 2414 2378 iuuamine

302 2407 614 2490 regulari
638 2408 825 2472 uitae
854 2411 1265 2488 restauraui,
1289 2431 1413 2494 per
1443 2413 1751 2475 nostram
1778 2411 2170 2493 largifluam
2202 2412 2416 2478 dona-

305 2509 567 2574 tionem
605 2508 853 2575 deuote
884 2510 1323 2594 largirentur.
1405 2511 1611 2576 Unde
1637 2512 1906 2577 uineam
1939 2512 2124 2577 circa
2146 2513 2414 2581 Waecet

302 2610 507 2675 sitam
538 2629 697 2675 cum
732 2611 1167 2691 uinitoribuS,
1194 2631 1449 2695 rusque
1476 2613 1610 2675 sibi
1636 2614 1989 2695 pertinens
2023 2614 2168 2677 suis
2204 2634 2412 2698 gyra»

303 2718 449 2775 tum
514 2710 850 2788 terminiS,
910 2729 1188 2776 censum
1256 2731 1533 2795 quoque
1590 2712 1822 2795 regale
1867 2712 1954 2776 ad
2004 2716 2408 2779 coenobium

302 2810 697 2892 praefatum
746 2830 869 2895 per
924 2812 1237 2893 singulos
1294 2831 1515 2875 annos
1567 2812 2030 2877 decorandum
2083 2821 2176 2875 aet
2233 2813 2412 2879 Suffl-

301 2910 679 2990 hamtune3
749 2912 949 2975 unius
1001 2932 1221 2996 aeque
1276 2913 1476 2976 nauis
1537 2913 1991 2995 piscationem
2048 2920 2121 2976 et
2175 2915 2409 2995 regale

302 3010 618 3093 uectigal
678 3017 772 3074 aet
824 3012 1115 3077 Hwitan
1168 3011 1383 3087 clife;
1434 3012 1720 3076 alterius
1774 3018 2008 3076 autem
2061 3019 2156 3077 aet
2205 3012 2412 3079 Port-

299 3128 567 3177 monna
606 3110 829 3194 hy⁸5e3
888 3131 1091 3176 unam
1152 3121 1529 3196 capturam·
1569 3120 1640 3175 et
1691 3111 2011 3188 salinum,
2063 3132 2410 3197 unamque

300 3218 533 3277 terrae
569 3230 905 3289 mansam,
934 3219 1005 3276 et
1040 3233 1127 3277 ex
1167 3213 1353 3295 regis
1384 3231 1664 3277 nemore
1694 3214 2024 3295 capturae
2058 3218 2410 3279 restaura·-

302 3313 565 3377 tionem
602 3330 783 3393 quae
812 3313 1169 3379 Brunuuic
1204 3332 1346 3381 wer
1378 3319 1839 3395 nuncupatur,
1863 3312 2140 3377 domino
2171 3322 2410 3380 nostro

303 3411 517 3477 Ihesu
578 3410 857 3477 Christo
897 3414 1185 3495 eiusque
1227 3413 1543 3495 genitrici
1595 3412 1884 3488 Mariae,
1928 3411 2013 3475 ad
2059 3432 2224 3478 usus
2262 3435 2408 3479 mo-

299 3513 686 3577 nachorum
740 3513 911 3577 inibi
960 3512 1382 3595 degentium,
1428 3514 1516 3577 ob
1574 3512 1954 3576 facinorum
2013 3521 2404 3578 nostrorum

300 3615 580 3678 ueniam
652 3620 723 3677 et
776 3622 1099 3679 aeternae
1168 3612 1624 3678 beatitudinis
1698 3613 2101 3695 praemium,
2169 3613 2404 3678 AEssel-

300 3714 563 3780 uuoldo
596 3714 847 3779 abbate
894 3715 1273 3791 obtinente,
1310 3721 1596 3779 aeterna
1631 3713 1925 3795 largitus
1977 3731 2126 3775 sum
2168 3711 2406 3777 haere-

296 3814 543 3881 ditate.
654 3813 789 3877 His
820 3814 1310 3879 monachorum
1344 3812 1582 3877 cuneis
1611 3812 2063 3877 communiter
2095 3812 2402 3895 locuple·

298 3920 490 3980 tatus
526 3913 729 3978 donis
765 3916 1151 3996 regularem
1198 3914 1584 3997 tripudians
1627 3910 1971 3977 seruando
2017 3912 2400 3977 custodiam

297 4014 369 4076 in
422 4013 705 4079 domino
756 4014 1009 4096 iugiter
1056 4012 1204 4079 uoti
1256 4033 1537 4097 compos
1587 4012 1981 4089 hilarescat,
2029 4013 2406 4096 crebraque

295 4113 652 4179 dominum
703 4114 1206 4197 supplicatione
1253 4134 1379 4197 pro
1432 4115 1690 4179 nostris
1743 4112 2232 4178 intercedendo
2285 4134 2404 4177 ex·-

296 4216 609 4282 cessibus
664 4215 934 4289 ueniam
983 4214 1387 4298 impetrans,
1438 4214 1681 4279 sedulo
1730 4213 2154 4296 deprecetur.
2259 4212 2402 4293 Qui

388 4332 567 4379 Tou.
606 4329 705 4378 vl.
2057 4329 2098 4375 E
