3119 5026
666 425 799 491 188
1188 438 1536 489 omnus
1581 437 2279 487 AnchoSAxochn.

677 596 866 662 Gnut
895 615 1020 661 rex
1044 593 1458 677 Anglorum,
1491 593 1793 659 sollicita
1814 603 2043 660 mente
2069 594 2443 676 cogitando
2473 600 2793 677 perscru-

673 696 820 761 taui
861 695 1296 779 profuturum
1338 714 1422 759 ac
1468 695 1933 759 necessarium
1974 714 2153 773 esse,
2192 714 2347 760 cum
2385 693 2493 757 his
2526 695 2783 759 transi·

671 797 868 862 toriis
903 802 974 860 et
1004 795 1283 859 minime
1317 794 1664 859 mansuris
1696 794 1959 859 diuitiis
1990 801 2329 878 perpetua
2358 802 2568 878 atque
2599 794 2785 877 iugi·

673 902 782 960 ter
805 895 1326 979 perseuerantia
1351 895 1700 959 coelorum
1726 894 2035 977 praemia
2060 896 2438 978 acquirere.
2508 894 2783 959 Idcirco

672 995 800 1059 tali
829 996 1160 1059 memoria
1185 996 1571 1082 instructus
1606 1001 1818 1077 atque
1849 1015 2157 1059 meorum
2190 995 2443 1078 ubique
2473 1001 2781 1059 anteces-

672 1114 908 1159 sorum
955 1096 1320 1161 roboratus
1361 1093 1726 1177 exemplis,
1766 1094 2070 1177 aliquam
2115 1104 2339 1159 terrae
2380 1104 2673 1178 partem,
2708 1094 2780 1158 id

669 1202 776 1259 est
806 1195 980 1259 duas
1010 1214 1314 1272 mansa8‚
1357 1194 1504 1258 siue
1537 1214 1745 1258 unam
1790 1195 2147 1278 perticam,
2176 1195 2250 1257 in
2284 1194 2437 1258 loco
2474 1196 2596 1277 qui
2627 1195 2783 1259 uul-

669 1295 932 1376 gariter
980 1295 1233 1361 dicitur
1297 1294 1853 1376 Seofenempton,
1916 1294 2416 1358 famosissimae
2475 1294 2780 1359 familiae

672 1394 949 1459 domino
1001 1395 1238 1460 abbati
1282 1394 1695 1471 AE’6elwino,
1743 1404 1815 1459 et
1857 1395 2197 1458 uniuersis
2232 1394 2563 1458 fratribus
2606 1394 2787 1471 suiS,-

672 1494 746 1557 in
816 1493 941 1559 illo
1013 1503 1254 1559 sancto
1315 1501 1385 1558 et
1445 1493 1891 1558 celeberrimo
1967 1494 2123 1558 loco
2188 1494 2309 1577 qui
2374 1492 2777 1575 AEsselinga-

670 1614 806 1677 nye
871 1600 1332 1677 nuncupatur,
1381 1592 1622 1658 libenti
1677 1594 1933 1670 animo,
1995 1593 2126 1659 deo
2190 1594 2651 1676 omnipotenti
2706 1602 2785 1659 et.

674 1701 919 1758 sancto
955 1693 1171 1759 Petro
1214 1693 1506 1777 principi
1568 1693 2067 1776 apostolorum,
2108 1693 2309 1757 hilari
2352 1692 2553 1757 uultu
2586 1714 2781 1758 men-

667 1802 874 1877 teque
944 1794 1325 1876 praeclara,
1390 1792 1717 1869 concedo,
1779 1812 1905 1875 pro
1972 1794 2439 1878 redemptione
2504 1793 2779 1859 animae

667 1912 862 1957 meae
901 1902 974 1957 et
1016 1894 1378 1957 criminum
1420 1912 1726 1956 meorum
1769 1892 2225 1971 absolutione,
2260 1913 2416 1958 cum
2458 1894 2775 1958 omnibus

665 1993 868 2057 bonis
914 1990 1002 2056 ad
1049 2012 1357 2057 mensam
1403 1992 1823 2078 coenobialis
1858 1993 2049 2057 uitae
2093 1992 2421 2057 fratribus
2458 1992 2589 2080 deo
2626 2012 2775 2058 ser·

667 2092 1013 2156 uientibus
1055 2091 1350 2174 largitus
1386 2111 1565 2169 sum,
1598 2092 1925 2175 quatinus
1954 2092 2072 2156 ille
2112 2092 2521 2157 uenerabilis
2558 2094 2775 2158 abbas

667 2192 971 2257 eiusdem
1023 2192 1422 2257 monasterii
1474 2211 1629 2256 cum
1683 2192 2039 2257 monachis
2090 2193 2235 2257 suis
2280 2193 2466 2275 apud
2517 2192 2776 2257 altissi-

663 2311 850 2356 mum
881 2292 1085 2356 deum
1109 2310 1380 2375 semper
1407 2291 1701 2356 fundant
1732 2311 1995 2375 preces,
2018 2299 2087 2356 et
2120 2292 2425 2375 quotidie
2451 2292 2778 2375 flagitant

664 2391 870 2457 deum
909 2392 985 2455 in
1027 2392 1432 2475 psalmodiis
1481 2398 1552 2457 et
1602 2392 1966 2456 missarum
2022 2391 2595 2458 celebrationibus
2647 2413 2775 2477 pro

665 2492 1088 2558 facinoribus
1131 2492 1327 2569 meiS,
1381 2499 1463 2556 ut
1511 2499 1673 2575 post
1726 2493 1989 2558 obitum
2050 2512 2277 2557 meum
2334 2513 2457 2576 per
2505 2493 2775 2560 miseri-

663 2592 965 2658 cordiam
1012 2592 1123 2657 dei
1167 2600 1238 2659 et
1281 2613 1406 2676 per
1447 2612 1683 2657 eorum
1726 2601 1971 2658 sancta
2004 2593 2335 2676 suffragia
2370 2594 2629 2676 possim
2677 2595 2769 2659 ad

665 2713 883 2777 regna
927 2692 1276 2758 coelorum
1320 2693 1700 2776 peruenire.
1804 2692 1966 2758 Hoc
2002 2694 2216 2757 etiam
2258 2694 2326 2758 in
2374 2695 2509 2758 ista
2554 2695 2769 2758 dona·

666 2794 876 2858 tionis
927 2813 1120 2858 meae
1164 2793 1482 2858 chartula
1529 2792 1779 2857 addere
1826 2793 2022 2870 iussi,
2065 2801 2145 2858 ut
2186 2795 2248 2857 si
2291 2794 2364 2857 in
2416 2801 2771 2877 posterum

666 2894 1013 2976 quaelibet
1063 2893 1241 2959 forte
1289 2913 1586 2977 persona
1636 2894 2011 2977 superioris
2056 2893 2488 2958 inferiorisue
2539 2893 2772 2976 digni·

667 2995 834 3058 tatis
861 2995 1222 3076 antiquum
1246 2993 1494 3057 librum
1518 2994 1815 3076 praefati
1842 2993 2043 3071 ruriS‚
2064 3002 2187 3058 aut
2210 2993 2773 3078 chirographum,

665 3093 780 3158 uel
821 3092 960 3157 alia
993 3112 1306 3176 quaeque
1345 3099 1914 3158 testamentorum
1956 3087 2347 3177 scriptaad
2383 3094 2773 3177 praefatum

664 3193 890 3257 locum
914 3191 1354 3275 pertinentia,
1373 3192 1444 3256 in
1467 3185 1767 3257 medium
1793 3195 2181 3277 protulerit,
2204 3215 2331 3278 pro
2352 3195 2565 3260 nihilo
2588 3215 2771 3260 com-

668 3299 1019 3375 putentur.
1109 3292 1185 3356 Si
1214 3293 1370 3376 quis
1401 3302 1633 3358 autem
1668 3303 1913 3359 contra
1940 3295 2121 3359 hanc
2153 3302 2431 3360 nostrae
2466 3297 2771 3361 beneuo-

667 3393 918 3456 lentiae
940 3392 1406 3475 dapsilitatem
1437 3394 1691 3477 cupido
1717 3396 2078 3460 conamine
2107 3395 2369 3478 aliquid
2390 3395 2772 3462 machinari

662 3493 986 3570 uoluerit,
1021 3499 1143 3556 aut
1175 3493 1480 3558 minuere
1513 3496 1983 3576 temptauerit,
2012 3515 2151 3560 non
2179 3496 2445 3559 dubitet
2475 3516 2550 3559 se
2587 3495 2769 3561 inter

661 3592 1002 3658 diabolica
1051 3601 1540 3660 tormentorum
1596 3601 1867 3660 tartara
1917 3596 2158 3672 rotari,
2213 3595 2347 3658 nisi
2411 3595 2604 3678 prius
2657 3595 2768 3661 hic

663 3695 1041 3758 cessauerit
1079 3693 1192 3756 uel
1221 3693 1711 3759 emendauerit.
1820 3694 1929 3759 Ob
1964 3695 2364 3760 affinitatem
2404 3694 2767 3761 circumia-

661 3795 963 3860 centium
987 3813 1309 3874 agrorum
1338 3795 1653 3876 praefata
1684 3803 1909 3859 terrae
1936 3794 2277 3877 particula
2308 3794 2441 3859 hoc
2462 3795 2767 3878 cingitur

662 3889 1056 3960 territorio.¹
1168 3893 1308 3956 His
1375 3893 1749 3958 hierarchis
1806 3895 2413 3973 consentientibuS,
2471 3916 2765 3978 quorum

667 3994 947 4058 nomina
972 3993 1258 4057 inferius
1287 4000 1636 4059 notantur.
1868 4003 1877 4008 ’

772 4096 850 4176 ›1‹
895 4093 1046 4175 Ego
1099 4092 1284 4158 Cnut
1329 4093 1703 4176 singularis
1751 4094 2100 4176 priuilegii
2137 4095 2525 4160 hierarchia
2568 4114 2762 4180 prae-

1177 4217 1196 4252 ¹
1227 4221 1391 4272 There
1413 4235 1500 4272 are
1523 4237 1588 4272 no
1610 4221 1917 4272 boundaries
1938 4223 1990 4271 in
2014 4223 2098 4273 the
2122 4208 2237 4272 MS.
