3119 5026
672 419 763 484 4³6
1192 433 1533 484 omnus
1585 434 2264 488 Anonosxxomou..

678 601 928 662 stanus
943 593 1133 660 filius
1160 593 1471 675 suscepit
1490 613 1810 676 regnum,
1833 613 2040 678 quem
2063 595 2392 662 uidelicet
2413 613 2652 678 regem
2668 612 2785 658 re—

680 694 971 779 quisiuit
1011 694 1193 761 idem
1238 691 1470 771 Godo,
1506 701 1588 758 ut
1620 715 1748 778 pro
1783 715 1866 760 eo
1898 715 2008 761 me
2041 704 2326 779 rogaret
2357 697 2696 781 quatinus·
2723 693 2787 759 ei

682 795 1039 861 redderem
1079 794 1291 862 libros
1329 801 1670 860 terrarum
1714 811 2019 862 suarum.
2109 798 2266 880 Ego
2301 804 2542 864 autem
2570 796 2784 861 liben-

684 904 818 975 ter,
848 896 1127 962 deuicta
1152 913 1411 974 amore,
1438 895 1764 963 uidelicet
1791 898 1976 980 regis
2007 897 2424 977 AEtelstani,
2447 898 2514 962 ei
2542 915 2786 962 omnes

680 997 895 1062 libros
968 1004 1309 1066 terrarum
1384 1015 1670 1062 suarum
1738 997 2024 1077 reddidi,
2092 1006 2388 1082 excepto
2453 999 2633 1064 libro
2699 997 2786 1062 de

684 1096 1124 1175 Osterlande,
1188 1115 1393 1182 quem
1454 1097 1724 1163 scilieet
1772 1097 2123 1164 humiliter
2182 1100 2370 1165 bona
2419 1100 2782 1164 uoluntate

681 1199 963 1265 dimisit.
1069 1198 1373 1282 Insuper
1403 1217 1534 1280 pro
1581 1217 1658 1264 se
1694 1205 1768 1264 et
1805 1200 2122 1265 omnibus
2166 1201 2568 1283 parentibus
2611 1199 2780 1279 suis,

667 1300 867 1364 natis
899 1307 971 1366 et
1004 1298 1307 1365 nondum
1350 1299 1562 1376 natis,
1594 1319 1988 1384 nuncquam
2032 1301 2593 1385 quaeremoniam
2638 1299 2784 1366 fac-

681 1406 879 1465 turos
910 1400 1000 1465 de
1027 1399 1383 1483 praedicta
1408 1405 1619 1478 terra,
1647 1418 1884 1465 seeum
1917 1402 2222 1485 acceptis
2242 1401 2560 1466 undecim
2593 1420 2781 1466 com-

682 1502 966 1584 paribus
1010 1501 1179 1579 suis,
1229 1498 1437 1564 michi
1488 1509 2000 1566 sacramentum
2048 1500 2234 1567 feeit.
2339 1502 2502 1567 Hoc
2552 1508 2784 1567 autom

682 1601 945 1667 factum
970 1608 1079 1667 est
1107 1601 1179 1665 in
1201 1600 1356 1666 loco
1376 1601 1495 1684 qui
1518 1601 1914 1666 nominatur
1936 1601 2240 1668 Hammo
2265 1603 2469 1668 iuxta
2496 1603 2784 1668 Laewes.

688 1702 843 1785 Ego
876 1709 1109 1767 autem
1145 1700 1489 1784 Eadgyua
1520 1700 1732 1766 habui
1757 1708 2013 1767 terram
2041 1721 2194 1767 eum
2227 1704 2404 1770 libro
2427 1704 2512 1768 de
2546 1702 2786 1768 Oster-

682 1803 891 1868 lande
934 1803 1175 1866 diebus
1220 1802 1515 1868 duorum
1558 1821 1799 1884 regum
1837 1801 2233 1870 AEsselstani
2275 1812 2348 1869 et
2392 1802 2784 1869 Eadmundi

685 1903 982 1969 filiorum
1024 1921 1371 1983 meorum3
1419 1899 1740 1970 Eadredo
1782 1921 2062 1987 quoque
2094 1923 2258 1987 rege
2293 1905 2439 1970 filio
2467 1924 2624 1969 meo
2659 1904 2780 1968 de-

687 2003 955 2081 funeto,
995 2003 1387 2087 despoliata
1424 2022 1579 2068 sum
1617 2004 1934 2070 omnibus
1979 2004 2182 2071 terris
2218 2005 2394 2070 meis
2435 2011 2508 2070 et
2555 2006 2784 2070 rebus.

682 2105 849 2170 Duo
880 2123 1155 2188 quoque
1189 2103 1317 2168 filii
1347 2103 1487 2168 iam
1513 2104 2058 2188 saepenominati
2093 2104 2433 2184 Godonis,
2466 2105 2787 2171 Leofsta-

686 2225 817 2270 nus
852 2212 923 2269 et
958 2203 1340 2281 Leofricus,
1382 2205 1819 2271 abstulerunt
1860 2205 2069 2271 michi
2111 2205 2286 2270 duas
2318 2207 2636 2289 superius
2665 2221 2784 2271 no·-

682 2307 982 2371 minatas
1007 2313 1229 2371 terras
1260 2304 1591 2390 Culinges
1619 2313 1693 2372 et
1724 2305 2159 2385 Osterlande‚
2187 2314 2662 2390 ueneruntque
2696 2307 2786 2372 ad

683 2426 972 2491 puerum
1024 2406 1438 2484 Eaduuium‚
1470 2407 1620 2491 qui
1679 2414 1844 2472 tunc
1874 2408 2176 2474 -nouiter
2222 2407 2500 2473 leuatus
2548 2414 2658 2472 est
2711 2408 2784 2472 in

684 2529 943 2593 regem,
974 2516 1045 2575 et
1079 2507 1409 2577 dixerunt
1440 2526 1515 2573 se
1552 2509 1880 2575 maiorem
1913 2508 2259 2575 iusticiam
2286 2509 2536 2575 inillis
2581 2508 2786 2575 terris

685 2609 939 2675 habere
968 2627 1176 2693 quam
1207 2628 1364 2692 ogo.
1469 2608 1808 2675 Remansi
1839 2629 2007 2692 ergo
2040 2610 2178 2675 iuis
2221 2610 2425 2675 terris
2459 2618 2532 2676 et
2565 2612 2784 2675 omni-

684 2712 815 2776 bus
870 2710 1027 2777 aliis
1089 2710 1369 2793 priuata
1426 2728 1647 2793 usque
1701 2710 1790 2775 ad
1850 2717 2166 2794 tempora
2219 2711 2530 2794 Eadgari
2575 2712 2783 2794 regis,

686 2810 1003 2891 Quicum
1028 2810 1343 2875 audisset
1368 2830 1479 2874 me
1504 2811 1608 2875 ita
1635 2810 2158 2877 dehonestatam
2189 2831 2273 2881 ae
2301 2811 2786 2895 despoliatam,

680 2912 1123 2995 congregatis
1182 2911 1609 2994 principibus
1655 2918 1726 2977 et
1759 2911 2186 2995 sapientibus
2222 2912 2545 2995 Angliae‚
2577 2913 2786 2978 intel·

683 3012 859 3078 lexit
900 3012 1083 3077 enim
1126 3031 1237 3075 me
1280 3030 1441 3075 cum
1490 3030 1746 3094 magna
1803 3013 2152 3078 iniusticia
2203 3015 2410 3078 reb'us
2458 3020 2532 3079 et
2577 3014 2785 3079 terris

678 3112 856 3177 -meis
906 3111 1387 3195 despoliatam,
1429 3111 1614 3177 idem
1657 3133 1784 3177 rex
1843 3113 2215 3197 Eadgnrus
2260 3114 2564 3180 restituit
2617 3115 2789 3181 mihi

684 3221 907 3278 terras
961 3232 1153 3277 meas
1208 3220 1281 3277 et
1338 3212 1570 3279 omnia
1611 3233 1788 3279 mea.
1889 3214 2045 3297 Ego
2099 3221 2332 3280 autem
2384 3215 2668 3281 licentia
2715 3224 2788 3281 et

682 3333 1025 3379 consensu
1065 3313 1256 3380 illius
1286 3314 1820 3397 testimonioque
1853 3315 2162 3380 omnium
2207 3317 2688 3400 episcoporum
2717 3325 2789 3382 et

686 3416 1096 3499 optimatum
1126 3433 1431 3492 suorum,
1462 3427 1702 3481 omnes
1731 3423 1956 3481 terras
1984 3436 2174 3481 meas
2209 3423 2280 3481 et
2309 3417 2522 3482 libros
2563 3424 2786 3484 terra·

684 3536 837 3580 rum
871 3514 1151 3600 propria
1179 3534 1391 3579 manu
1420 3534 1578 3581 mea
1607 3516 1812 3599 posui
1839 3534 2048 3599 super
2074 3517 2296 3583 altare
2318 3517 2580 3583 Christi
2601 3538 2784 3602 quae

682 3618 823 3682 sita
857 3624 965 3683 est
995 3616 1067 3681 in
1098 3615 1553 3681 Dorobernia.
1657 3616 1734 3684 Si
1777 3617 1936 3700 quis
1977 3617 2156 3682 hano
2199 3636 2424 3683 meam
2466 3618 2780 3686 donatio-

680 3738 841 3783 nem
872 3738 917 3783 a
948 3718 1099 3783 iure
1130 3716 1527 3801 praedictae
1562 3717 1896 3783 eeclesiae
1924 3717 2196 3784 auferre
2225 3726 2518 3785 conatus
2549 3720 2785 3800 fuerit,

682 3820 956 3885 auferat
987 3818 1053 3884 ei
1084 3817 1519 3902 omnipotens
1550 3818 1723 3883 deus
1752 3836 2044 3901 rognum
2070 3839 2298 3885 suum.

788 3919 1206 3987 Confirmatio.
1297 3918 1451 4001 Ego
1482 3918 1919 3997 AEzelredus,
1953 3920 2067 3984 dei
2083 3920 2486 4003 opitulante
2514 3922 2782 3988 miseri·

680 4020 917 4086 cordia
948 4021 1163 4086 totius
1196 4016 1535 4102 Anglicae
1577 4021 1808 4103 gentis
1851 4022 2162 4105 regimen
2203 4022 2524 4099 tenendo,
2567 4023 2785 4106 priui-

679 4122 895 4205 legiis-
925 4122 1181 4189 auditis
1224 4120 1779 4205 ueter[a]norum
1823 4121 2242 4204 sapientum,
2279 4123 2506 4189 cordis
2553 4130 2786 4189 tactus

680 4223 1228 4306 compunctione,
1278 4220 1808 4306 archipraesulis
1852 4223 2334 4289 exhortatione
2379 4223 2650 4302 Alfrioi,
2693 4224 2784 4289 ad
