3119 5026
1157 444 1556 491 APPBNDlx.
2290 429 2420 495 241

309 606 430 663 aut
459 599 780 663 libertate
813 618 1020 680 quam
1053 599 1142 663 ad
1173 619 1372 671 suum
1404 600 1717 665 hundred
1755 602 1854 666 eis
1880 604 2191 667 concessi
2219 605 2413 687 quic·
2476 686 2481 691 ἲ

311 718 520 779 quam
550 698 867 780 perdant,
885 698 1006 762 sed
1030 698 1328 765 habeant
1354 701 1487 783 ipsi
1509 702 1605 766 ibi
1629 702 1861 767 omnia
1890 722 2070 786 quae
2096 704 2183 767 ad
2207 723 2410 769 suum

309 798 447 873 iuS,
488 798 560 862 id
619 805 724 862 est
773 798 862 861 ad
916 799 1194 863 tertium
1250 802 1738 877 centuriatum,
1792 802 2141 884 pertinent
2188 823 2409 887 aeque

309 897 584 979 integra
619 900 760 968 acsi
807 918 928 980 per
967 918 1042 963 se
1083 906 1478 981 separatum
1523 910 1780 977 essent,
1814 901 2137 989 uidelicet
2174 903 2409 971 debita

309 998 937 1079 transgressionum
965 1006 1037 1061 et
1060 1017 1350 1081 poenam
1380 998 1811 1077 delictorum,
1836 1008 1907 1065 et
1930 1009 2205 1067 caetera
2227 1023 2407 1086 quae

313 1097 628 1179 superius
680 1097 1174 1181 comprehensa
1217 1106 1405 1175 sunt,
1445 1118 1627 1181 quae
1661 1101 1761 1164 eis
1801 1100 2015 1165 libere
2058 1110 2131 1167 et
2176 1105 2409 1185 quiete

313 1197 808 1279 perpetualiter
865 1198 1162 1263 tenenda
1225 1200 1573 1280 concessi3
1626 1199 1901 1282 sintque
1951 1202 2143 1266 haec.
2175 1204 2409 1291 omnia

313 1304 382 1361 et
411 1316 865 1379 quaecunque
912 1297 1393 1363 illorumsunt
1443 1300 1573 1363 sub
1626 1301 1775 1367 eius
1818 1320 2028 1365 manu
2054 1309 2138 1366 ·et
2172 1310 2406 1385 potes-

311 1403 478 1473 tate,
509 1397 632 1478 qui
674 1396 846 1480 ipsis
890 1398 960 1460 in
1005 1399 1369 1463 monastici
1415 1399 1691 1485 ordinis·
1718 1401 2049 1481 regimine
2092 1403 2235 1467 sub,
2268 1405 2408 1485 epi-

312 1516 524 1579 scopo
573 1497 1006 1579 praepositus
1047 1498 1276 1561 fuerit.
1381 1497 1524 1575 Qui
1570 1498 1630 1562 si
1678 1520 1754 1563 se
1804 1500 2107 1564 uiderint
2150 1502 2405 1567 iniuste

313 1596 595 1677 grauari
630 1595 743 1659 uel
773 1597 844 1659 ui
875 1598 1191 1679 opprimi,
1219 1598 1326 1661 fas
1367 1599 1458 1661 sit
1492 1599 1593 1662 eis
1636 1598 1724 1663 ad
1758 1600 1991 1681 regiae
2020 1602 2406 1666 maiestatis

311 1705 380 1760 et
409 1696 908 1779 archiepiscopi
951 1716 1243 1761 examen
1291 1705 1361 1760 et
1393 1698 1710 1775 tutelam,
1742 1701 1803 1762 si
1844 1706 2077 1763 tamen
2124 1720 2406 1765 necesse

311 1795 540 1870 fuerit,
575 1796 976 1877 confugere,
1031 1797 1152 1878 qui
1175 1804 1472 1880 ‚propter
1511 1798 1716 1861 deum
1760 1800 2132 1881 equitatem
2170 1801 2407 1867 et.cle-

313 1902 610 1959 mentem
638 1895 1102 1959 defensionem
1135 1897 1234 1959 eis
1262 1898 1687 1979 impendant.
1750 1898 2205 1964 Seruantibus
2235 1900 2406 1967 haec

314 1996 458 2059 uita
475 2003 764 2060 aeterna
779 1996 1128 2065 tribuatur
1145 2016 1188 2059 a
1207 1996 1486 2060 domino
1508 1998 1579 2060 in
1598 1998 2031 2064 coelestibuS.
2092 1999 2403 2077 Quicun—

313 2115 446 2177 que
474 2115 645 2159 uero
674 2082 1094 2160 imminuerit
1121 2097 1236 2160 uel
1275 2097 1344 2159 in
1377 2098 1573 2178 peius
1616 2099 1949 2167 mutando
1978 2100 2407 2166 subtraxerit

314 2196 408 2259 eis
469 2194 843 2278 quicquam
901 2195 986 2259 de
1036 2196 1144 2272 iis,
1195 2197 1288 2261 sit
1343 2214 1507 2278 pars
1566 2198 1715 2260 eius
1779 2218 1932 2261 cum
1994 2199 2283 2264 Dathan
2336 2209 2407 2264 et

313 2293 608 2372 Abiron,
649 2302 721 2359 et
784 2314 940 2359 cum
1011 2294 1192 2379 Iuda
1250 2295 1581 2360 traditore
1639 2296 1923 2374 domini,
1989 2305 2060 2362 et
2126 2298 2404 2364 Iuliano

312 2401 640 2477 apostata
713 2394 1201 2459 aecclesiarum
1278 2395 1388 2458 dei
1421 2458 1428 2465 ,
1464 2414 1875 2478 oppressore
1943 2405 2012 2461 et
2084 2417 2405 2480 persecu-

313 2502 485 2573 tore,
523 2502 806 2560 aeterno
846 2494 1288 2560 anathemate
1342 2494 1601 2577 ligatus
1643 2517 1796 2561 cum
1852 2496 2129 2562 diabolo
2174 2504 2244 2562 et
2287 2518 2405 2582 an-

313 2597 487 2677 gelis
545 2596 693 2660 eius
743 2595 1190 2660 infernalibus
1249 2597 1528 2677 ignibus
1580 2603 1915 2682 perpetuo
1971 2598 2407 2676 cruciandus,

312 2697 442 2760 nisi
517 2694 882 2778 resipiscat
948 2700 1020 2758 et
1067 2695 1407 2773 emendet,
1489 2694 1755 2760 Amen!
1842 2699 2082 2761 amen!
2160 2701 2402 2762 amen!

317 2796 514 2860 Fiat!
577 2796 737 2860 fiat!
793 2795 953 2859 fiat!
1073 2795 1294 2860 Facta
1345 2802 1508 2859 sunt
1561 2795 1732 2859 haec
1785 2815 1965 2859 anno
2020 2796 2405 2862 dominicae

312 2897 704 2961 natiuitatis
760 2911 1276 2959 ‚Dccccmxffln
1330 2895 1705 2960 indictione
1756 2911 1935 2958 .vl11.
1983 2897 2180 2978 regni
2238 2906 2405 2963 uero

314 2996 619 3078 Eadgari
657 2994 1041 3077 Anglorum
1099 2995 1282 3076 regis
1317 3012 1458 3072 ..,vl
1491 2995 1563 3058 in
1614 2996 1809 3077 regia
1856 2996 2029 3059 urbe
2082 3015 2261 3078 quae
2317 3000 2407 3062 ab

311 3096 554 3160 incolis
595 3094 1150 3160 Gleaweceastre
1211 3095 1631 3170 nominatur,
1692 3095 1764 3157 in
1828 3096 2061 3159 natale
2122 3096 2412 3175 domiui,

313 3196 766 3278 festi[uitate]
825 3201 1220 3259 sanctorum
1270 3195 1731 3270 innocentum,
1786 3194 1985 3258 feria
2016 3213 2183 3260 ..1111
2285 3197 2410 3261 Dis

313 3297 579 3379 syndon
609 3294 696 3360 &a
733 3315 820 3376 ge
856 3341 1137 3359 ......
1168 3312 1430 3358 waeron
1468 3341 1485 3358 .
1516 3340 1535 3357 .
1573 3293 1731 3356 mid.
1757 3297 1795 3380 p
1828 3341 1843 3357 .
1870 3341 1886 3358 .
1916 3301 2256 3376 tumunge
2285 3317 2407 3378 ge-

312 3396 633 3480 trymdon
686 3395 817 3459 and
863 3440 1148 3458 ......
1182 3413 1300 3457 urs
1357 3393 1614 3474 allinge
1657 3393 2130 3476 gefaestnodon
2167 3388 2408 3478 fippon
2468 3391 2473 3395 ’

313 3496 526 3559 allum
581 3483 747 3564 ,³6am
796 3499 887 3559 {Se
933 3495 1044 3558 ’Sis
1097 3485 1336 3558 undo³6
1397 3497 1576 3558 orme
1620 3494 1985 3574 gewaniass
2050 3498 2246 3558 osse
2284 3515 2403 3576 ge·

311 3599 674 3668 nemna’G.
714 3591 950 3658 ,οὔδε
1017 3593 1098 3657 of
1147 3581 1340 3658 δεῦτε
1389 3591 1764 3658 munekan
1806 3593 2117 3658 anwalde
2166 3594 2263 3656 eft
2316 3614 2407 3658 on

310 3694 606 3759 clerican
641 3693 828 3761 hand
862 3699 1224 3776 getyrna’s.

419 3797 498 3876 ›1‹
576 3793 729 3876 Ego
797 3793 1078 3874 Eadgar
1112 3793 1435 3862 basileus
1500 3790 1889 3873 Anglorum
1958 3798 2075 3857 et
2080 3747 2404 3874 impera-

311 3901 418 3958 tor
509 3913 748 3976 regum
837 3893 1148 3976 gentium
1235 3912 1391 3956 cum
1464 3909 1803 3956 consensu
1876 3891 2263 3973 principum
2336 3902 2408 3957 et

313 3993 805 4058 archuntorum
899 4011 1204 4056 meorum
1297 3991 1476 4056 hanc
1566 4010 1787 4055 meam
1870 3991 2407 4056 munificentiam

312 4095 508 4176 signo
597 4094 822 4158 crucis
914 4091 1172 4157 Christi
1267 4093 1659 4159 corroboro.
1808 4093 1886 4172 >1⁴
1985 4090 2136 4172 Ego
2227 4091 2407 4155 AElf-

307 4198 484 4276 ’δι-γᾶ
525 4193 768 4276 regina
811 4193 1124 4258 consensi
1159 4199 1230 4255 et
1273 4192 1472 4272 signo
1521 4192 1747 4255 crucis
1781 4189 2202 4254 confirmaui.
2318 4195 2397 4274 ›1‹

407 4311 576 4358 rou.
615 4311 708 4356 vt.
2062 4308 2106 4353 n
