3119 5026
812 470 1163 519 emarus
1206 470 1902 521 Aucmsnxochss.
2272 456 2401 519 111

290 630 629 707 concessi,
691 636 775 695 ut
830 636 1085 695 terram
1145 630 1283 695 iam
1336 631 1724 714 praefatam
1781 622 2175 695 tramitibus
2229 649 2400 696 suae

290 730 647 813 possideat
694 730 927 811 uitae3
974 731 1219 795 deinde
1270 750 1572 815 namque
1622 731 1755 795 sibi
1811 732 2208 797 succedenti
2254 731 2398 795 cui-

291 850 587 914 cumque
670 830 968 896 uoluerit
1028 831 1311 895 haeredi
1388 832 1830 915 derelinquat
1898 831 1970 896 in
2043 840 2398 897 aeternam

290 930 817 997 haereditatem.
942 930 1235 997 Maneat
1292 932 1508 1012 igitur
1567 950 1795 995 meum
1855 931 1988 997 hoc
2048 931 2398 996 immobile

290 1031 547 1095 donum
578 1037 865 1095 aeterna
896 1032 1221 1096 libertate
1250 1031 1648 1109 iocundum,
1677 1051 1835 1095 cum
1870 1033 2188 1097 omnibus
2216 1050 2396 1114 quae

290 1131 372 1195 ad
418 1132 661 1214 ipsum
695 1132 921 1196 locum
957 1132 1303 1215 pertinere
1334 1130 1808 1209 dinoscuntur,
1840 1138 1985 1196 tam
2014 1132 2086 1195 in
2121 1133 2393 1213 magnis

289 1250 502 1315 qnam
552 1232 629 1295 in
658 1231 949 1297 modicis
980 1233 1211 1308 rebuS,
1242 1232 1533 1314 campita,
1567 1232 1870 1314 pascuis,
1899 1232 2144 1315 pratis,
2177 1231 2397 1309 siluis,

290 1338 592 1415 excepto
640 1331 987 1396 communi
1042 1332 1302 1409 labore,
1346 1332 1815 1415 expeditione,
1843 1331 2078 1415 pontis
2129 1331 2398 1397 arcisue

292 1431 837 1496 constructione.
939 1431 1015 1496 Si
1047 1432 1204 1515 quis
1237 1431 1452 1513 igitur
1482 1432 1776 1497 infestae
1810 1432 2216 1516 rapacitatis
2249 1450 2397 1495 ma-

288 1528 453 1596 cula
520 1530 875 1609 seductae,
938 1531 1071 1597 hoc
1120 1540 1401 1595 nostrae
1460 1531 1970 1597 munificentiae
2021 1532 2280 1596 donum
2323 1532 2398 1594 in

289 1632 608 1716 quolibet
668 1630 855 1696 aliud
910 1650 1120 1715 quam
1182 1631 1672 1697 constituimus
1743 1640 2054 1697 euertere
2103 1638 2398 1696 conatus

293 1732 533 1810 fuerit,
563 1739 1041 1815 sequestratus
1069 1749 1116 1796 a
1144 1733 1620 1797 communione
1665 1738 1948 1797 sanctae
1989 1732 2102 1796 dei
2133 1732 2398 1796 aeccle·

286 1834 435 1897 siae
470 1839 545 1897 et
580 1834 671 1897 ab
702 1834 969 1898 aeterni
1011 1833 1207 1915 regni
1257 1833 1816 1915 participatione,
1857 1831 2258 1915 gehennalis
2291 1833 2397 1895 in·-

288 1933 517 1999 cendii
552 1933 785 2015 globis
827 1932 1198 1998 absorbtus
1226 1940 1549 1998 aeternae
1600 1924 2109 2017 dampnationis
2155 1933 2402 1997 amari-

289 2033 655 2099 tudinibus
702 2034 1124 2111 inuoluatur,
1154 2034 1215 2097 si
1264 2052 1403 2098 non
1454 2032 1930 2098 satisfactione
1983 2032 2402 2117 poenituerit

288 2152 629 2216 congrua,
674 2133 859 2216 quod
914 2141 1158 2198 nostro
1189 2140 1515 2217 proterue
1565 2133 1846 2199 decreto
1901 2134 2246 2223 contraire
2293 2134 2399 2196 ni-

288 2234 457 2298 chili
492 2232 865 2317 pendebat.
970 2233 1125 2298 Rus
1158 2252 1457 2317 namque
1490 2240 1985 2317 praetaxatum
2017 2232 2400 2297 manifestis

289 2335 603 2417 undique
650 2333 960 2398 terminis
1006 2334 1236 2398 minus
1268 2333 1629 2410 diuiditur,
1659 2334 1824 2416 quia
1871 2334 2113 2415 iugera
2159 2332 2396 2396 altrin-

289 2450 499 2499 secus
530 2434 863 2518 copulata
882 2434 1230 2499 adiacent.
1340 2434 1562 2498 Facta
1615 2441 1720 2499 est
1765 2433 2084 2518 praefata
2119 2432 2404 2496 donatio

290 2555 477 2601 anno
554 2536 646 2599 ab
706 2536 1181 2600 incarnatione
1246 2535 1511 2600 domini
1569 2536 1787 2600 nostri
1834 2534 2077 2598 ‘Ihesu
2143 2533 2402 2598 Christi

291 2649 877 2701 .ncccc.1.xxxn.

400 2738 489 2818 »F
532 2736 689 2818 Ego
744 2734 1081 2800 AEffielred
1134 2754 1258 2800 rex
1311 2731 1705 2817 Aug-lorum
1755 2734 2139 2817 praefatam
2193 2733 2408 2798 dona-

289 2839 554 2901 tionem
622 2835 1199 2901 indeclinabiliter
1250 2836 1600 2900 concessi.
1713 2836 1791 2916 »F
1857 2835 2010 2917 Ego
2078 2834 2406 2898 Dunstan

288 2936 857 3020 archiepiscopus
922 2936 1345 3001 confirmaui.
1460 2937 1540 3017 »F
1599 2935 1752 3016 Ego
1809 2934 2126 2999 Osuuold
2185 2933 2408 2998 archi-

290 3038 665 3121 episcopus
712 3030 1115 3101 subarraui.
1170 3079 1173 3084 -
1214 3039 1295 3119 »F
1358 3035 1513 3117 Ego
1562 3034 1992 3101 AE’Geluuold
2041 3035 2408 3118 episcopus

292 3137 727 3219 consignaui.
868 3139 949 3219 »F
1019 3137 1174 3218 Ego
1244 3135 1556 3200 AElfstan
1623 3136 1990 3220 episcopus
2065 3135 2405 3217 impressi.

302 3240 380 3320 »F
412 3239 574 3320 Ego
602 3237 944 3318 AEscuuig
964 3237 1331 3319 episcopus
1358 3235 1695 3300 consensi.
1771 3238 1852 3318 »F
1885 3237 2038 3319 Ego
2067 3236 2412 3317 AEsselgar

292 3340 668 3422 episcopus
722 3337 1190 3402 corroboraui.
1302 3338 1382 3418 »F
1425 3337 1578 3417 Ego
1632 3335 1996 3418 AE’6elsige
2045 3336 2412 3418 episcopus

294 3437 701 3520 subscripsi.
814 3438 894 3518 »F
945 3435 1107 3519 -Ego
1169 3435 1400 3501 Avulf
1448 3436 1812 3518 episcopus
1879 3436 2208 3501 conclusi.
2320 3436 2398 3516 »F

298 3539 453 3622 Ego
486 3537 817 3602 AElfhere
848 3536 1019 3601 dux.
1058 3549 1063 3554 ·
1118 3538 1196 3618 »14
1229 3537 1383 3619 Ego
1410 3536 1838 3601 AEtseluuine
1869 3537 2040 3602 dux.
2141 3537 2219 3617 »F
2255 3535 2410 3615 Ego

259 3625 673 3722 ‘Byrhtnov
736 3633 905 3700 dux.
1018 3639 1096 3719 »F
1156 3635 1796 3720 Eg02AE’601uuerd
1853 3637 2022 3702 duX.
2122 3637 2200 3717 »F
2257 3625 2412 3715 E'go

299 3739 685 3805 AEfflelmaer
710 3736 884 3802 dux.
983 3739 1064 3819 »F
1090 3737 1245 3820 Ego
1280 3737 1640 3802 Eaduuine
1665 3738 1839 3802 dux.
1940 3739 2018 3819 »F
2049 3736 2202 3816 Ego
2233 3733 2415 3798 Ord-

298 3840 508 3922 byrht
540 3839 783 3904 abbas.
894 3839 975 3919 »F
1022 3837 1201 3920 Ego·
1225 3838 1453 3920 Sigric
1494 3839 1733 3902 abbas.
1847 3839 1925 3919 »F
1971 3835 2125 3918 Ego
2168 3834 2414 3899 AE’Sel-

298 3939 520 4005 uuerd
592 3939 833 4003 abbas.
964 3939 1045 4019 »14
1108 3937 1262 4020 Ego
1323 3937 1690 4022 Byrhtnoss
1745 3937 1982 4000 abbas.
2114 3938 2192 4018 »F
2261 3936 2416 4019 Ego

304 4040 581 4105 Leofric
606 4039 847 4104 abban.
959 4039 1040 4119 »F
1072 4038 1225 4120 Ego
1249 4037 1545 4102 AElfheh
1581 4039 1817 4102 abbas.
1931 4037 2010 4120 »F
2053 4035 2206 4119 Ego
2236 4035 2416 4100 AEls-

302 4140 443 4206 hun
496 4140 737 4206 abbas.
851 4140 931 4220 »F
990 4137 1143 4220 Ego
1201 4138 1629 4203 AE'selunerd
1692 4137 2025 4202 minister.
2138 4140 2216 4220 »F
2265 4138 2418 4222 Ego

306 4241 555 4306 AElfric
630 4239 963 4304 minister.
1097 4237 1189 4323 »F
1250 4239 1425 4322 Ego·
1467 4238 1789 4322 Uulfsige
1849 4237 2184 4303 minister.
2327 4240 2408 4320 »F
