3119 5026
1191 445 1590 494 Arrnnmx.
2306 423 2439 494 237

1203 701 1530 769 DXIV.11
2240 767 2247 772 .

577 818 1066 931 manain,
1099 853 1574 938 Wednesday,
1609 853 1781 918 Dec.
1811 852 2002 932 2sth,
2036 853 2193 918 964.

443 1004 524 1084 ›1‹
571 1000 1128 1068 Auri'roNAN‘ris
1181 1004 1293 1068 dei
1342 1003 1671 1086 largiflua
1722 1004 2111 1080 clementia,
2166 1003 2285 1084 qui
2328 1010 2436 1066 est

335 1121 462 1165 rex
516 1121 752 1183 regum
814 1111 883 1168 et
932 1102 1253 1168 dominus
1313 1103 1843 1180 dominantium,
1886 1123 2017 1185 ego
2071 1102 2441 1184 Eadgarus

337 1198 726 1282 Auglorum
807 1202 1134 1280 basileuS,
1211 1203 1655 1285 omniumque
1732 1223 1976 1284 regum
2051 1202 2435 1269 insularum

335 1301 577 1366 oceani
621 1321 802 1384 quae
834 1303 1294 1385 Brytanniam
1337 1304 1851 1380 circumiacent,
1894 1311 2437 1383 cunctarumque

335 1401 694 1464 nationum
747 1421 928 1483 quae
977 1402 1159 1466 infra
1213 1422 1367 1468 eam
1423 1403 1897 1480 includuntur,
1945 1404 2322 1485 imperator
2366 1409 2437 1466 et

335 1500 681 1578 dominus,
717 1502 980 1582 gratias
1017 1521 1154 1584 ago
1197 1503 1333 1585 ipsi
1367 1503 1498 1567 deo
1543 1501 2027 1585 omnipotenti,
2059 1502 2204 1583 regi
2256 1521 2433 1578 me0,

335 1601 455 1682 qui
498 1620 725 1664 meum
771 1601 1135 1685 imperium
1179 1602 1280 1666 sic
1331 1601 1697 1684 ampliauit
1736 1611 1807 1666 et
1850 1602 2197 1666 exaltauit
2226 1621 2436 1682 super

333 1719 624 1781 regnum
656 1708 930 1783 patrum
961 1721 1310 1776 meorum3
1361 1704 1482 1785 qui
1515 1702 1680 1767 licet
1709 1701 2181 1766 monarchiam
2213 1700 2431 1765 totius

335 1798 636 1881 Angliae
667 1800 902 1884 adepti
943 1801 1087 1866 sint
1131 1821 1175 1866 a
1225 1809 1535 1885 tempore
1570 1802 1989 1879 AE’Selstani,
2019 1802 2138 1884 qui
2174 1801 2437 1882 primus

334 1919 578 1981 regum
631 1899 1020 1983 Anglorum
1075 1919 1312 1966 omnes
1364 1903 1684 1967 nationes
1738 1921 1917 1984 quae
1971 1901 2433 1984 Brytanniam

335 1999 645 2087 incolunt
673 1999 805 2064 sibi
849 2001 1060 2064 armis
1091 2003 1394 2083 subegit,
1425 2001 1657 2066 nullus
1700 2007 1932 2066 tamen
1970 2021 2209 2066 eorum
2248 2001 2439 2066 ultra

334 2099 484 2164 eius
519 2099 690 2166 fines
718 2099 1075 2183 imperium
1109 2121 1308 2164 suum
1345 2101 1638 2166 dilatare
1672 2119 2045 2184 aggressus
2075 2112 2223 2179 est3
2270 2101 2437 2165 mihi

335 2207 570 2264 autem
599 2200 942 2264 concessit
967 2201 1270 2284 propitia
1305 2200 1660 2276 diuinitas,
1696 2221 1851 2266 cum
1888 2200 2275 2282 Anglorum
2310 2201 2437 2265 im·-

335 2300 552 2380 perio,
583 2299 816 2362 omnia
849 2318 1068 2381 regna
1098 2299 1479 2364 insularum
1513 2301 1756 2366 oceani
1785 2320 1944 2364 cum
1977 2301 2123 2364 suis
2152 2300 2437 2365 ferocis-

335 2398 528 2463 simis
571 2389 860 2480 ¹regibus
891 2418 1112 2482 usque
1138 2399 1579 2482 Norregiam,
1613 2401 2125 2482 maximamque
2158 2408 2432 2483 ,partem

339 2498 726 2564 Hiberniae
759 2519 912 2564 cum
959 2519 1090 2565 sua
1135 2499 1561 2565 nobilissima
1600 2501 1884 2565 ciuitate
1921 2499 2254 2577 Dublina,
2282 2498 2440 2565 An·-

337 2599 609 2681 glorum
632 2619 850 2681 regno
880 2600 1291 2682 subiugare:
1325 2620 1502 2683 quos
1531 2600 1739 2665 etiam
1766 2620 2005 2665 omnes
2026 2602 2197 2665 meis
2220 2600 2441 2684 impe-

337 2700 460 2763 riis
523 2700 706 2763 colla
759 2699 1078 2775 subdere,
1133 2699 1243 2764 dei
1289 2700 1568 2765 fauente
1611 2700 1865 2781 gratia,
1912 2700 2132 2782 coegi.
2238 2699 2435 2777 Qua-

337 2807 621 2882 propter
653 2806 725 2863 et
756 2818 889 2881 ego
921 2798 1180 2863 Christi
1211 2800 1503 2881 gloriam
1533 2805 1606 2864 et
1630 2800 1909 2863 laudem
1933 2800 2005 2865 in
2037 2819 2251 2883 regno
2280 2814 2435 2863 meo

336 2899 679 2976 exaltare,
691 2900 920 2963 eteius
939 2899 1298 2963 seruitium
1318 2900 1764 2983 amplificare,
1778 2900 2073 2963 deuotus
2090 2899 2432 2982 disposui:

337 3007 407 3064 et
429 3018 557 3081 per
583 3017 771 3063 meos
793 2997 1028 3062 fideles
1057 2999 1388 3077 fautores,
1413 3000 1851 3065 Dunstanum
1874 2998 2198 3064 uidelicet
2220 2999 2439 3064 archi-

337 3100 766 3181 episcopum,
803 3105 874 3163 et
920 3096 1426 3163 AEbelwoldum
1469 3119 1549 3163 ac
1597 3099 2001 3163 Oswaldum
2048 3100 2437 3183 episcopoS,

337 3217 512 3287 quos
544 3199 616 3261 in
646 3205 878 3281 patres
911 3198 1306 3280 spirituales
1337 3209 1407 3264 et
1436 3199 1909 3264 consiliatores
1941 3200 2145 3281 clegi,
2182 3218 2438 3281 magna

336 3318 424 3362 ex
458 3305 681 3381 parte,
721 3298 1097 3361 secundum
1132 3299 1313 3380 quod
1354 3299 1689 3382 disposui,
1719 3299 1995 3382 perfeci.
2087 3300 2437 3381 Siquidem

333 3398 763 3480 temporibus
816 3404 1330 3464 autecessorum
1380 3417 1687 3463 meorum
1726 3406 1981 3481 'regum
2025 3397 2438 3481 Anglorum,

335 3498 756 3571 monasteria
785 3504 926 3561 tam
959 3498 1446 3562 monachorum
1483 3518 1691 3581 quam
1714 3499 2059 3580 uirginum
2086 3498 2439 3562 destructa

338 3604 408 3661 et
443 3598 717 3680 penitus
745 3596 1066 3679 neglecta
1095 3597 1167 3659 in
1212 3605 1364 3662 tota
1406 3597 1669 3681 Anglia
1704 3606 1925 3675 erant,
1956 3616 2134 3679 quae
2182 3617 2313 3679 ego
2348 3597 2437 3662 ad

335 3697 447 3761 'dei
477 3696 751 3761 laudem
781 3716 909 3779 pro
945 3696 1245 3761 remedio
1285 3699 1559 3762 animae
1594 3717 1787 3761 meae
1819 3716 2163 3780 reparare,
2194 3706 2264 3761 et
2294 3717 2437 3761 ser-

338 3816 582 3861 uorum
613 3805 682 3862 et
710 3796 1113 3860 ancillarum
1138 3797 1249 3861 dei
1286 3817 1642 3861 numerum
1670 3796 2151 3879 multiplicare,
2165 3796 2439 3861 deuoui.

341 3896 432 3961 Et
460 3898 630 3980 ipsis
661 3895 1078 3979 supradictis
1122 3898 1292 3961 meis
1325 3898 1889 3979 cooperatoribus
1924 3905 2203 3960 strenue
2246 3898 2443 3961 anni·-

341 3998 646 4062 tentibus
679 3998 816 4061 iam
851 4012 994 4061 ,xa
1032 4004 1104 4060 et
1139 4014 1288 4061 Νη.
1327 3998 1749 4063 monasteria
1782 4016 1937 4060 cum
1970 3996 2325 4061 monachis
2371 4005 2442 4064 et

823 4120 836 4151 ¹
860 4122 911 4171 A
934 4136 1070 4172 more
1093 4130 1287 4175 correct
1308 4140 1440 4187 copy
1462 4125 1520 4174 of
1535 4124 1752 4175 Chai-ter
1774 4124 1977 4174 DXIV0
