3119 5026
627 433 640 446 ‘
761 451 1105 500 annrAn
1151 451 1392 500 Auem
1406 451 1851 502 SAxochn.
2280 441 2369 504 77

266 607 590 671 terimus.’
691 606 1134 691 Quapropter
1187 608 1436 674 lubrici
1485 616 1893 690 potentatus
1944 629 2081 674 non
2139 612 2359 675 inme-

269 726 431 784 mor,
471 727 608 789 ego
645 707 950 791 Eadgar,
996 708 1276 773 Christo
1321 709 1717 774 conferente
1756 729 1880 774 rex
1928 718 1999 776 et
2042 711 2361 794 primice-

269 808 402 870 rius
437 809 662 872 tocius
697 807 1037 885 Albionis,
1072 809 1266 891 regni
1298 809 1653 890 fastigium
1685 810 1927 873 humili
1961 811 2363 894 praesidens

272 908 514 985 animo,
563 909 650 972 ob
697 910 1316 974 remunerationem
1364 909 1647 973 maioris
1691 910 2005 992 praemii,
2052 912 2364 994 aliquan-

275 1006 478 1071 tulam
527 1009 708 1072 ruris
753 1008 1162 1091 particulam
1215 1025 1317 1072 .11.
1367 1017 1839 1092 comparatam
1887 1011 2207 1088 cassatiS,
2252 1011 2364 1075 cui

271 1108 676 1172 uocabulum
707 1115 896 1173 certa
929 1108 1428 1192 astipulatione
1455 1108 1973 1175 Denceswuffie
1995 1110 2365 1195 profertur,

271 1209 350 1272 ad
383 1209 791 1274 aecclesiam
825 1209 1070 1274 beatae
1107 1208 1398 1285 Mariae,
1437 1210 1795 1291 genitricis
1830 1209 1941 1274 dei
1982 1231 2065 1276 ac
2106 1211 2365 1275 domini

273 1309 482 1373 nostri
519 1306 734 1373 Ihesu
771 1307 1056 1386 Christi,
1094 1309 1167 1372 in
1195 1309 1351 1374 loco
1382 1309 1501 1393 qui
1530 1309 1783 1375 dicitur
1818 1308 2239 1388 Abbandun,
2274 1311 2363 1375 ad

276 1429 430 1472 usus
459 1409 718 1473 ibidem
749 1408 1043 1472 fratrum
1064 1409 1195 1474 deo
1230 1409 1677 1474 seruientium
1704 1409 1996 1475 libenter
2024 1411 2364 1491 concedo;

271 1510 632 1574 obsecrans
683 1516 754 1573 et
798 1509 1232 1592 praecipiens
1287 1510 1360 1572 in
1407 1506 1681 1574 nomine
1738 1509 1999 1575 Christi
2044 1519 2121 1575 ut
2162 1531 2363 1576 nemo

269 1628 736 1674 successorum
765 1617 1155 1673 nostrorum
1193 1608 1567 1691 superioris
1601 1609 1713 1673 uel
1734 1609 2072 1676 inferioris
2108 1610 2365 1692 gradus

273 1708 394 1774 hoc
434 1717 722 1774 nostrae
768 1709 1157 1773 deuotionis
1204 1709 1460 1773 donum
1505 1710 1743 1792 aliquo
1781 1711 2195 1776 temeritatis
2242 1711 2363 1774 ali-

276 1817 612 1891 quatenus
670 1809 1002 1874 instinctu
1059 1809 1467 1891 disrumpat.
1570 1809 1679 1874 Sit
1729 1816 1961 1875 autem
2012 1810 2369 1893 praedicta

275 1909 495 1990 tellus,
539 1928 751 1993 quam
792 1929 948 1991 ege,
997 1929 1150 1973 cum
1195 1927 1532 1974 consensu
1594 1907 2003 1993 optimatum
2034 1930 2365 1988 meorum,

277 2011 584 2091 praefato
619 2009 916 2092 largitus
951 2029 1100 2074 sum
1137 2009 1495 2087 coenobio,
1531 2010 1621 2073 ab
1654 2011 1842 2074 omni
1876 2018 2191 2076 terrenae
2224 2031 2370 2076 ser·

283 2111 512 2175 uitutis
566 2111 736 2192 iugo
780 2109 1024 2187 libera,
1055 2109 1278 2174 tribus
1324 2109 1430 2172 his
1473 2108 1813 2191 exceptis,
1844 2117 2007 2176 rata
2050 2110 2371 2176 uidelicet

279 2210 730 2293 expeditione,
794 2209 1026 2293 pontis
1089 2209 1358 2274 areisue
1417 2209 1945 2275 restauratione.
2070 2210 2144 2275 Si
2210 2211 2369 2294 quis

279 2318 522 2388 autem,
557 2311 904 2375 laruarico
938 2309 1306 2374 instinctus
1342 2309 1616 2393 spiritu,
1650 2308 1781 2373 hoe
1816 2309 2071 2374 donum
2106 2311 2371 2376 uiolare

279 2409 728 2479 immutareue
789 2415 1402 2493 praesumptuosus
1457 2410 1927 2492 temptauerit,
1982 2410 2114 2492 nisi
2159 2410 2372 2493 digna

281 2512 740 2581 satisfactione
762 2518 926 2577 ante
951 2510 1216 2576 obitum
1251 2530 1452 2575 suum
1483 2528 1644 2574 reus
1667 2510 2108 2593 poenituerit,
2144 2518 2369 2575 aeter-

285 2613 384 2675 nis
445 2611 762 2678 barathri
825 2617 1217 2695 prostratus
1279 2610 1610 2675 incendiis
1668 2630 1826 2674 cum
1876 2609 2058 2675 Iuda
2114 2609 2376 2676 Christi

284 2714 626 2795 proditore
677 2712 1118 2777 aeternaliter
1167 2710 1480 2790 lugubris
1535 2709 1885 2793 puniatur.
1992 2710 2129 2775 His
2170 2712 2373 2775 metis

285 2814 660 2894 praefatum
717 2832 836 2877 rus
895 2811 1056 2877 hinc
1103 2810 1266 2875 inde
1316 2816 1629 2895 gyratur.
1731 2808 1942 2875 Anno
1992 2809 2377 2875 dominicae

285 2913 770 2979 incarnationis
803 2928 1248 2979 ,nceccmxw
1285 2912 1546 2994 scripta
1576 2917 1684 2975 est
1718 2917 1934 2975 carta.

390 3016 465 3096 >1⁴
512 3014 669 3095 Ego
707 3012 988 3095 Eadgar
1024 3031 1150 3075 rex
1200 3010 1586 3093 Anglorum
1632 3010 2017 3094 praefatam
2062 3011 2379 3077 donatio*

289 3133 428 3177 nem
473 3114 809 3179 concessi.
929 3115 1009 3195 »Β
1055 3112 1208 3193 Ego
1245 3112 1573 3175 Dunstan
1617 3110 2170 3194 archiepiscopus
2218 3131 2375 3176 cum

289 3214 470 3296 signo
497 3221 783 3279 sanctae
817 3214 1042 3277 crucis
1077 3212 1418 3277 roboraui.
1531 3215 1609 3294 ›1‹
1650 3210 1803 3293 Ego
1838 3211 2123 3295 Oscytel
2159 3211 2375 3276 archi-

289 3315 552 3396 praesul
574 3314 880 3397 sigillum
905 3313 1106 3395 agiae
1136 3312 1361 3376 crucis
1387 3311 1727 3393 impressi.
1841 3312 1918 3392 ›1‹
1954 3311 2107 3393 Ego
2138 3312 2378 3377 AEffiel-

294 3416 487 3480 uuold
549 3415 918 3498 episcopus
969 3411 1402 3494 consignaui.
1519 3413 1597 3493 ›1‹
1654 3410 1805 3493 Ego
1863 3410 2170 3475 AElsstan
2232 3412 2380 3495 epi·

298 3535 532 3599 scopus
567 3514 914 3597 adquieui.
1017 3516 1094 3595 ›1‹
1126 3512 1280 3595 Ego
1301 3511 1513 3576 Osulf
1523 3511 1887 3594 episcopus
1919 3512 2381 3575 corroboraui.

305 3617 374 3698 ›1‹
416 3617 567 3699 Ego
615 3614 878 3679 AElfere
944 3613 1111 3679 dux·
1249 3613 1330 3693 ›1‹
1393 3611 1547 3694 Ego
1602 3610 1936 3676 AElfheah
2000 3610 2167 3675 dux.
2291 3613 2371 3693 »Β

298 3714 436 3799 Ego
466 3715 894 3781 AE’Geluuine
926 3713 1093 3779 dux.
1204 3714 1284 3793 ›1‹
1330 3711 1484 3794 Ego
1541 3710 1755 3775 Oslac
1804 3712 1975 3776 dux.
2089 3712 2169 3791 ›1‹
2226 3710 2379 3793 Ego

300 3814 652 3899 Byrhtno’6
670 3815 842 3879 duit.
943 3816 1020 3896 ›1‹
1058 3813 1210 3895 Ego
1233 3811 1578 3893 AEscuuig
1601 3812 1833 3875 abbas.
1948 3810 2028 3893 ›1‹
2067 3810 2221 3891 Ego
2252 3810 2384 3875 Os-

297 3935 411 3996 gar
442 3918 683 3982 abbas.
787 3916 864 3996 ›1‹
896 3914 1049 3996 Ego
1081 3911 1388 3977 AElfstan
1419 3898 1656 3976 abbas.
1756 3913 1836 3993 »Β
1866 3909 2021 3991 Ego
2046 3908 2388 3994 AEbelga'r

299 4017 514 4084 abbas.
629 4018 710 4098 ›1‹
757 4014 911 4097 Ego
947 4010 1294 4078 Brihtferss
1327 4012 1658 4076 minister.
1776 4012 1853 4092 ›1‹
1899 4010 2052 4092 Ego
2086 4010 2384 4093 AElfsige

303 4118 617 4183 minister.
765 4117 845 4197 »Β
915 4114 1070 4196 Ego
1131 4112 1545 4177 AElfuueard
1610 4110 1945 4175 minister.
2088 4113 2165 4192 ›1‹
2232 4112 2385 4193 Ego

309 4216 760 4283 AE’6eluueard
823 4215 1156 4279 minister.
1290 4214 1367 4293 ›1‹
1439 4212 1593 4293 Ego
1656 4209 1989 4274 Uulfstan
2054 4210 2385 4275 minister.
