3119 5026
827 450 1186 499 culmus
1224 451 1462 500 ANcLo
1475 451 1921 501 sAxochn.
2310 435 2441 500 185

1107 710 1667 777 MCCCXXII.

1110 860 1410 939 cNUT,
1455 862 1653 927 1035.

589 1009 850 1075 OMNIA
891 1030 1072 1093 quae
1115 1011 1228 1076 hic
1259 1011 1577 1076 humanis
1615 1011 2144 1077 considerantur
2177 1014 2436 1079 obtuti-

349 1014 546 1269 ἓ
602 1112 758 1188 bus,
789 1118 932 1175 tam
969 1112 1348 1194 praeterita
1392 1122 1535 1177 tam
1580 1114 1785 1176 etiam
1834 1113 2229 1195 praesentia
2276 1133 2439 1179 nec·

608 1231 748 1276 non
803 1210 1062 1289 futura,
1102 1212 1499 1276 festinando
1537 1213 1795 1294 iugiter
1825 1212 1911 1277 de
1961 1213 2074 1277 die
2117 1214 2191 1276 in
2230 1213 2437 1291 diem,

333 1309 478 1373 sine
525 1310 674 1374 ulla
721 1311 1056 1376 dilatione
1103 1312 1457 1376 declinant
1496 1312 1587 1376 ad
1627 1313 1925 1390 ruinam,
1964 1311 2439 1396 rapidissimo·

333 1429 466 1491 que
515 1430 727 1475 cursu
771 1430 1112 1476 annorum
1153 1431 1310 1476 cum
1361 1413 1717 1476 mensibus
1764 1414 2177 1496 temporalia
2220 1413 2438 1497 siqui-

333 1509 486 1575 dem
543 1518 861 1595 tempora
932 1510 1248 1594 fugitiuis
1310 1512 1743 1577 incessanter
1800 1512 1989 1577 horis
2059 1524 2439 1597 properant

334 1611 419 1674 ad
446 1612 674 1677 finem.
763 1610 1214 1694 Quapropter
1243 1611 1672 1695 dispensanti
1704 1612 1983 1678 domino
2012 1614 2245 1691 omnia
2282 1634 2438 1695 reg-

335 1730 576 1775 norum
623 1718 849 1776 terrae
902 1730 1138 1794 regna,
1183 1731 1315 1793 ego
1362 1711 1549 1777 Cnut
1598 1732 1723 1778 rex
1778 1711 2194 1795 Anglorum,
2246 1713 2440 1776 solli-

335 1811 470 1876 cita
500 1821 735 1877 mente
765 1811 1139 1894 cogitando
1168 1814 1605 1895 perscrutaui
1634 1813 2071 1896 profuturum
2100 1831 2182 1876 ac
2205 1821 2443 1877 neces-

335 1913 598 1975 sarium
641 1931 818 1989 esse,
856 1932 1016 1977 cum
1049 1912 1159 1975 his
1194 1913 1624 1978 transitoriis
1658 1932 1741 1977 ac
1784 1912 2063 1978 minime
2098 1913 2441 1977 mansuris

335 2011 602 2077 diuitiis
638 2019 976 2096 perpetua
1005 2018 1216 2094 atque
1247 2012 1504 2094 iugiter
1541 2014 2063 2095 perseuerantia
2092 2013 2440 2093 coelorum

337 2113 648 2194 praemia
677 2112 1133 2194 adquin-erem.
1240 2111 1506 2176 Iccirco
1534 2113 1663 2176 tali
1691 2113 2024 2178 memoria
2060 2113 2439 2177 instructus

337 2220 550 2294 atque
571 2232 880 2277 meorum
901 2212 1144 2295 utique
1161 2218 1675 2277 antecessorum
1697 2214 2062 2278 roboratus
2081 2212 2444 2295 exemplis,

337 2312 640 2394 aliquam
671 2320 898 2377 terrae
931 2319 1224 2395 partem,
1255 2311 1326 2375 id
1361 2318 1467 2375 est
1498 2329 1673 2376 ,xvh
1706 2332 2009 2389 mansas,
2038 2312 2111 2375 in
2138 2313 2295 2377 loco
2326 2314 2446 2395 qui

341 2412 618 2495 uulgari
679 2413 933 2477 dicitur
999 2412 1518 2495 Corigescumb,
1584 2412 2082 2477 famosissimae
2144 2412 2446 2476 familiae

338 2513 842 2578 uenerabilium
908 2512 1201 2578 fratrum
1260 2512 1330 2577 in
1395 2512 1518 2578 illo
1564 2522 1809 2580 sancto
1866 2534 1949 2579 ac
2001 2511 2447 2577 celeberrimo

338 2613 492 2678 loco
521 2614 1080 2678 Scireburnensis
1107 2613 1508 2691 aecclesiae,
1529 2614 1771 2679 libenti
1800 2614 2055 2691 animo,
2074 2614 2202 2678 deo
2226 2614 2445 2678 omni-

339 2715 613 2796 potenti
640 2723 711 2778 et
745 2721 1029 2778 sanctae
1061 2713 1334 2779 Mariae
1363 2734 1635 2797 semper
1667 2715 1984 2795 uirginis,
2013 2713 2213 2777 hilari
2244 2714 2446 2777 uultu

339 2823 708 2895 menteque
742 2813 1126 2896 praeclara,
1162 2815 1466 2879 concedo
1501 2834 1629 2897 pro
1672 2815 2139 2897 redemptione
2176 2814 2445 2878 animae

341 2933 534 2978 meae
569 2919 641 2977 et
673 2914 1038 2978 criminum
1084 2933 1389 2978 meorum
1437 2915 1893 2991 absolutione,
1938 2932 2091 2979 cum
2126 2913 2445 2978 omnibus

348 3015 546 3078 bonis
579 3013 669 3077 ad
717 3033 1029 3078 mensam
1072 3013 1496 3078 coenobialis
1529 3015 1717 3078 uitae
1750 3014 2081 3078 fratribus
2134 3014 2263 3078 deo
2298 3033 2445 3079 ser-

343 3115 689 3178 uientibus
735 3115 1032 3196 largitus
1077 3134 1256 3191 sum,
1303 3115 1631 3196 quatinus
1675 3115 1777 3179 illi
1821 3114 2061 3179 famuli
2103 3115 2215 3179 dei
2260 3116 2444 3198 apud

345 3214 760 3279 altissimum
809 3214 1014 3279 deum
1070 3233 1344 3297 semper
1394 3215 1691 3279 fundant
1742 3234 2007 3297 preces,
2065 3222 2137 3278 et
2194 3215 2446 3280 cotidie

347 3314 670 3396 flagitant
708 3315 912 3378 deum
952 3315 1025 3378 in
1064 3314 1466 3398 psalmodiis
1511 3322 1583 3379 et
1630 3314 1996 3379 missarum
2039 3315 2445 3380 celebratio-

345 3416 573 3492 nibus»,
603 3434 732 3497 pro
765 3415 1188 3479 facinoribus
1215 3416 1410 3492 meis,
1443 3420 1523 3477 ut
1549 3421 1709 3498 post
1742 3415 2007 3479 obitum
2051 3435 2279 3479 meum
2326 3435 2451 3497 per

346 3515 887 3580 misericordiam
963 3515 1076 3578 dei
1151 3521 1220 3578 et
1282 3533 1407 3597 per
1481 3534 1717 3579 eorum
1797 3522 2041 3580 sancta
2068 3521 2077 3531 ‘
2118 3514 2450 3596 suffragia

347 3617 603 3698 possim
652 3615 741 3680 ad
785 3635 1004 3698 regna
1037 3614 1382 3678 coelorum
1421 3615 1807 3699 peruenire.
1913 3614 2004 3678 Et
2048 3614 2109 3678 si
2140 3632 2445 3696 unquam

351 3717 742 3798 contigerit,
778 3716 962 3798 quod
996 3715 1205 3792 absit,
1239 3723 1404 3780 ante
1437 3716 1551 3780 uel
1588 3735 1765 3792 sero,
1788 3715 2039 3797 aliquis
2074 3713 2448 3790 hominum,

349 3817 495 3882 siue
525 3817 892 3904 episcopus
937 3817 1087 3880 siue
1126 3815 1372 3893 laicuS,
1413 3815 1593 3881 hanc
1636 3834 1860 3879 meam
1893 3814 2198 3896 regalem
2232 3813 2449 3878 dona-

351 3917 603 3981 tionem
631 3923 705 3982 et
734 3916 1179 3981 elemosinam
1210 3914 1585 3998 infringere
1607 3915 1720 3979 uel
1743 3915 2049 3978 minuere
2068 3913 2447 3992 conauerit,

355 4014 758 4104 [alienatus]
791 4017 885 4080 sit
909 4036 952 4080 a
983 4016 1337 4081 consortio
1362 4014 1623 4080 Christi
1654 4014 2032 4079 aecclesiae
2061 4020 2132 4079 et
2152 4013 2448 4096 collegio

353 4119 648 4183 omnium
669 4125 1095 4195 sanctorum,
1115 4118 1276 4180 etin
1298 4115 1544 4181 inferni
1566 4115 1963 4179 barathrum
1985 4115 2447 4200 demergatur.

357 4217 456 4285 Sit
483 4226 720 4284 autem
759 4219 1288 4300 praenominata
1318 4222 1502 4282 terra
1531 4216 1751 4280 libera
1785 4216 1873 4280 ab
1904 4215 2093 4280 omni
2121 4215 2454 4280 mundiali
