3119 5026
856 388 1201 439 osanna
1253 388 1948 440 ancnosaxomcass.
2333 377 2464 440 119

1052 645 1744 713 MCGLXXXIII.

1021 794 1551 875 AEDELRED,
1612 795 1768 861 985.

448 944 528 1024 »14
572 943 734 1009 Pna
784 944 1090 1011 diuinam
1132 946 1666 1030 omnipatrantis
1711 946 2029 1029 sophiam
2073 947 2447 1014 elemento-

340 1062 487 1107 rum
540 1046 849 1110 omnium
892 1046 1396 1112 rationabiliter
1432 1052 1710 1111 constat
1753 1046 1924 1111 ordo
1963 1065 2114 1111 esse
2156 1048 2448 1131 disposi-

339 1151 478 1222 ωε,
544 1164 629 1210 ac
681 1146 1157 1229 protoplastus
1215 1148 1588 1229 terrigena,
1637 1165 2058 1230 quamquam
2113 1148 2446 1230 puluereo

335 1245 691 1311 confectus
714 1247 1023 1329 tegmine
1052 1244 1341 1317 somatis
1368 1247 1559 1324 exili,
1597 1254 1905 1313 attamen
1937 1248 2444 1329 speciosissime

336 1346 587 1409 mentis
616 1340 883 1412 ratione
917 1348 1209 1413 caeteris
1242 1348 1660 1431 praefectae,
1689 1347 1780 1412 ad
1814 1354 1960 1413 tam
1993 1348 2235 1415 miram
2265 1356 2452 1415 tam-r

334 1466 469 1529 que
484 1448 939 1530 :perspicuam
972 1448 1321 1513 theoricae
1348 1448 1951 1531 contemplationis
1981 1455 2181 1513 extat
2209 1468 2440 1515 amoe-

334 1546 629 1611 nitatem
656 1549 1101 1631 compositus,
1138 1556 1217 1613 ut
1244 1568 1369 1632 per
1402 1548 1688 1615 huiusce
1706 1548 2150 1631 asperitatem
2175 1549 2440 1614 incola-

332 1654 471 1725 tuS,
498 1648 830 1731 quamdiu
864 1649 1161 1715 labentis
1180 1650 1353 1714 aeui
1380 1649 1634 1732 pelago
1665 1648 1898 1714 carnis
1928 1647 2134 1713 lintre
2158 1647 2438 1715 Christo

333 1750 597 1831 remige
646 1750 1097 1832 nauigamus,
1134 1750 1539 1833 probrosam
1582 1748 2052 1833 philargyriae
2093 1749 2438 1815 sentinam

332 1856 769 1928 execrantes,
826 1850 1246 1933 inopumque
1304 1850 1664 1934 penuriam
1715 1851 2054 1917 bonorum
2108 1848 2436 1914 distribu-

330 1948 535 2014 tione·
575 1956 971 2015 nostrorum
1016 1950 1529 2034 refrigerantes,
1581 1969 1665 2015 ac
1717 1950 1954 2033 probis
1995 1949 2444 2033 pedetemtim

332 2050 724 2115 actionibus
772 2050 1221 2135 sequipedam
1263 2050 1581 2116 iusticiae
1625 2049 1970 2115 tramitem
2015 2049 2434 2129 incedentes,

328 2149 535 2215 deum·
564 2150 851 2217 deorum
893 2151 966 2215 in
1000 2149 1171 2216 Sion
1203 2170 1588 2216 mereamus
1621 2150 2059 2232 specietenus
2090 2151 2444 2233 speculari.

327 2251 637 2328 coelesti,
668 2278 673 2285 ·
704 2252 1054 2334 tantisque
1101 2253 1423 2334 gnauiter
1468 2250 1730 2334 perfrui
1793 2249 1988 2332 digni
2053 2249 2432 2316 habeamur

330 2351 607 2433 gaudiis
682 2351 1088 2437 Olympicae
1164 2352 1622 2418 amoenitatis
1756 2349 2224 2429 Quamobrem
2299 2370 2444 2431 ego.

329 2451 769 2532 AEsselredus,
790 2452 1049 2519 Christi
1067 2451 1345 2518 fauente
1362 2450 1750 2529 clementia,
1765 2450 1982 2516 totius
2001 2450 2436 2518 Brittanniae

326 2555 513 2619 orbis
540 2553 863 2632 basileoS,
896 2554 1167 2620 cuidam
1214 2554 1381 2618 mihi
1424 2553 1678 2620 dilecto
1705 2552 2020 2616 ministro
2052 2550 2434 2632 LeofwinO,

326 2655 680 2737 quandam
710 2655 977 2722 telluris
1019 2654 1428 2737 particulam
1473 2669 1574 2718 .Χ.
1626 2652 1948 2718 uidelicet
1979 2659 2314 2730 cassatos,
2358 2652 2432 2717 in

326 2754 480 2820 loco
510 2755 636 2839 qui
670 2754 969 2838 Anglica
1009 2755 1475 2838 appellatione
1513 2753 1770 2818 dicitur
1812 2759 1906 2817 aet
1945 2751 2310 2829 Wuttune,
2357 2753 2428 2818 in

326 2864 681 2921 aeternam
745 2855 1046 2921 concedo
1103 2855 1628 2930 haereditatem,
1681 2860 2022 2937 quatenus
2077 2851 2196 2916 ille
2253 2852 2440 2922 bene,

324 2957 725 3038 perfruatur
765 2976 850 3023 ac
904 2955 1396 3039 perpetualiter
1444 2953 1823 3038 possideat,
1873 2953 2038 3020 dum
2081 2952 2286 3017 huius
2329 2951 2428 3019 la-

326 3058 553 3122 bentis
613 3058 771 3122 aeui
832 3077 1106 3121 cursum
1172 3062 1484 3121 transeat
1539 3053 1872 3131 inlaesus,
1932 3061 2144 3137 atque
2192 3052 2430 3118 uitalis

323 3159 613 3242 spiritus
644 3158 719 3222 in
753 3157 1181 3241 corruptibili
1208 3176 1417 3222 carne
1443 3155 1844 3229 inhaereat;
1894 3161 1966 3218 et
1994 3160 2155 3236 post
2177 3172 2254 3218 se
2285 3154 2426 3218 cui-

324 3278 625 3342 cumque
652 3258 954 3323 uoluerit
982 3259 1374 3343 perenniter
1411 3255 1694 3321 haeredi
1728 3253 2183 3337 derelinquat,
2219 3254 2426 3319 sicuti

321 3359 821 3441 praediximus,
868 3359 945 3423 in
1004 3365 1358 3424 aeternam
1415 3354 1932 3421 haereditatem.
2037 3353 2146 3419 Sit
2193 3360 2426 3419 autem

320 3460 753 3542 praedictum
786 3478 906 3524 rus
948 3459 1236 3525 liberum
1286 3459 1379 3522 ab
1424 3455 1610 3522 omni
1656 3453 1987 3521 mundiali
2038 3454 2424 3532 obstaculo,

323 3579 482 3626 cum
512 3561 833 3626 omnibus
862 3579 1041 3642 quae
1070 3560 1159 3624 ad
1186 3559 1415 3642 ipsum
1443 3557 1672 3623 locum
1702 3555 2044 3639 pertinere
2064 3554 2426 3618 dinoscun-

324 3667 460 3739 tur,
512 3667 656 3725 tam
698 3661 772 3724 in
827 3660 1100 3743 magnis
1142 3678 1353 3744 quam
1402 3659 1477 3722 in
1520 3657 1810 3722 modicis
1859 3656 2088 3728 rebus,
2139 3654 2425 3735 campis,

324 3760 624 3843 pascuis,
680 3761 925 3843 pratiS,
976 3761 1196 3837 siluis,
1252 3757 1780 3840 diriuatiuisque
1841 3754 2153 3818 cursibus
2206 3771 2423 3835 aqua·

323 3881 500 3939 rum,
558 3868 854 3945 excepto
899 3862 1055 3926 istis
1108 3860 1356 3937 tribus,
1408 3857 1869 3941 expeditione,
1929 3853 2157 3936 pontis
2212 3853 2423 3918 arcis-

324 3981 413 4026 ue
468 3961 1057 4027 coaedificatione.
1204 3959 1279 4023 Si
1332 3967 1592 4032 autem,
1647 3955 1833 4039 quod
1881 3973 2019 4018 non
2077 3958 2426 4036 optamuS,

328 4064 632 4128 euenerit
670 4062 923 4146 aliquis
952 4060 1316 4144 superbiae
1346 4059 1517 4124 flatu
1552 4057 1850 4132 afflatus,
1884 4054 2222 4120 auaritiae
2255 4054 2422 4120 faci-

328 4162 454 4228 bus
506 4183 902 4239 succensus‚
950 4162 1257 4228 inuidiae
1294 4159 1615 4239 dentibus
1650 4162 1982 4233 armatus,
2017 4154 2195 4222 hanc
2228 4173 2424 4220 meae
