<?xml version="1.0" encoding="UTF-8"?>
<!DOCTYPE html PUBLIC "-//W3C//DTD XHTML 1.0 Transitional//EN"
    "http://www.w3.org/TR/xhtml1/DTD/xhtml1-transitional.dtd">
<html xmlns="http://www.w3.org/1999/xhtml" xml:lang="en" lang="en">
 <head>
  <title>
</title>
<meta http-equiv="Content-Type" content="text/html;charset=utf-8" />
  <meta name='ocr-system' content='tesseract 3.04.00' />
  <meta name='ocr-capabilities' content='ocr_page ocr_carea ocr_par ocr_line ocrx_word'/>
</head>
<body>
  <div class='ocr_page' id='page_1' title='image "./codexdiplomatic11unkngoog_0056.png"; bbox 0 0 3119 5026; ppageno 0'>
   <div class='ocr_carea' id='block_1_1' title="bbox 699 405 2312 474">
    <p class='ocr_par' dir='ltr' id='par_1_1' title="bbox 699 405 2312 474">
     <span class='ocr_line' id='line_1_1' title="bbox 699 405 2312 474; baseline 0 -4"><span class='ocrx_word' id='word_1_1' title='bbox 699 405 785 474; x_wconf 89' lang='grc'><strong>14</strong></span> <span class='ocrx_word' id='word_1_2' title='bbox 1226 416 1573 467; x_wconf 65' lang='lat' dir='ltr'><strong>ominus</strong></span> <span class='ocrx_word' id='word_1_3' title='bbox 1620 420 2312 472; x_wconf 75' lang='lat' dir='ltr'><strong>ANGLOSAXONIOAE.</strong></span> 
     </span>
    </p>
   </div>
   <div class='ocr_carea' id='block_1_2' title="bbox 703 578 2820 2977">
    <p class='ocr_par' dir='ltr' id='par_1_2' title="bbox 703 578 2820 2977">
     <span class='ocr_line' id='line_1_2' title="bbox 707 578 2812 664; baseline 0 -20"><span class='ocrx_word' id='word_1_4' title='bbox 707 601 845 644; x_wconf 91' lang='lat' dir='ltr'><strong>non</strong></span> <span class='ocrx_word' id='word_1_5' title='bbox 911 580 1167 664; x_wconf 90' lang='lat' dir='ltr'><strong>poterit</strong></span> <span class='ocrx_word' id='word_1_6' title='bbox 1222 578 1554 656; x_wconf 84' lang='lat' dir='ltr'><strong>ordinari,</strong></span> <span class='ocrx_word' id='word_1_7' title='bbox 1613 578 1797 661; x_wconf 90' lang='lat' dir='ltr'><strong>apud</strong></span> <span class='ocrx_word' id='word_1_8' title='bbox 1855 578 2114 643; x_wconf 89' lang='lat' dir='ltr'><strong>electos</strong></span> <span class='ocrx_word' id='word_1_9' title='bbox 2170 580 2460 644; x_wconf 83' lang='lat' dir='ltr'><strong>abbates</strong></span> <span class='ocrx_word' id='word_1_10' title='bbox 2510 587 2582 644; x_wconf 91' lang='lat' dir='ltr'><strong>et</strong></span> <span class='ocrx_word' id='word_1_11' title='bbox 2635 581 2812 646; x_wconf 89' lang='lat' dir='ltr'><strong>alios</strong></span> 
     </span>
     <span class='ocr_line' id='line_1_3' title="bbox 707 679 2814 765; baseline 0 -20"><span class='ocrx_word' id='word_1_12' title='bbox 707 689 943 765; x_wconf 89' lang='lat' dir='ltr'><strong>patres</strong></span> <span class='ocrx_word' id='word_1_13' title='bbox 986 681 1188 745; x_wconf 90' lang='lat' dir='ltr'><strong>deum</strong></span> <span class='ocrx_word' id='word_1_14' title='bbox 1244 679 1593 757; x_wconf 90' lang='lat' dir='ltr'><strong>timentes,</strong></span> <span class='ocrx_word' id='word_1_15' title='bbox 1635 681 1788 744; x_wconf 87' lang='lat' dir='ltr'><strong>sine</strong></span> <span class='ocrx_word' id='word_1_16' title='bbox 1841 680 2236 744; x_wconf 86' lang='lat' dir='ltr'><strong>uoluntaria</strong></span> <span class='ocrx_word' id='word_1_17' title='bbox 2278 679 2632 758; x_wconf 87' lang='lat' dir='ltr'><strong>dilatione,</strong></span> <span class='ocrx_word' id='word_1_18' title='bbox 2677 702 2814 746; x_wconf 91' lang='lat' dir='ltr'><strong>me-</strong></span> 
     </span>
     <span class='ocr_line' id='line_1_4' title="bbox 704 779 2810 865; baseline -0 -19"><span class='ocrx_word' id='word_1_19' title='bbox 704 783 835 846; x_wconf 91' lang='lat' dir='ltr'><strong>diis</strong></span> <span class='ocrx_word' id='word_1_20' title='bbox 858 780 1320 846; x_wconf 87' lang='lat' dir='ltr'><strong>sacrosanctis</strong></span> <span class='ocrx_word' id='word_1_21' title='bbox 1342 779 1726 861; x_wconf 85' lang='lat' dir='ltr'><strong>euangeliis</strong></span> <span class='ocrx_word' id='word_1_22' title='bbox 1750 779 2056 844; x_wconf 85' lang='lat' dir='ltr'><strong>finiatur.</strong></span> <span class='ocrx_word' id='word_1_23' title='bbox 2147 779 2341 845; x_wconf 88' lang='lat' dir='ltr'><strong>Inter</strong></span> <span class='ocrx_word' id='word_1_24' title='bbox 2362 789 2524 863; x_wconf 91' lang='lat' dir='ltr'><strong>post</strong></span> <span class='ocrx_word' id='word_1_25' title='bbox 2549 801 2810 865; x_wconf 70' lang='lat' dir='ltr'><strong>pauca:</strong></span> 
     </span>
     <span class='ocr_line' id='line_1_5' title="bbox 708 879 2814 964; baseline 0 -18"><span class='ocrx_word' id='word_1_26' title='bbox 708 881 969 946; x_wconf 88' lang='lat' dir='ltr'><strong>Missas</strong></span> <span class='ocrx_word' id='word_1_27' title='bbox 1012 899 1289 963; x_wconf 89' lang='lat' dir='ltr'><strong>quoque</strong></span> <span class='ocrx_word' id='word_1_28' title='bbox 1322 879 1638 963; x_wconf 87' lang='lat' dir='ltr'><strong>publicas</strong></span> <span class='ocrx_word' id='word_1_29' title='bbox 1681 880 1769 944; x_wconf 88' lang='lat' dir='ltr'><strong>ab</strong></span> <span class='ocrx_word' id='word_1_30' title='bbox 1798 879 2142 964; x_wconf 87' lang='lat' dir='ltr'><strong>episcopis</strong></span> <span class='ocrx_word' id='word_1_31' title='bbox 2175 881 2247 945; x_wconf 90' lang='lat' dir='ltr'><strong>in</strong></span> <span class='ocrx_word' id='word_1_32' title='bbox 2283 881 2634 946; x_wconf 90' lang='lat' dir='ltr'><strong>coenobiis</strong></span> <span class='ocrx_word' id='word_1_33' title='bbox 2665 882 2814 946; x_wconf 89' lang='lat' dir='ltr'><strong>fieri</strong></span> 
     </span>
     <span class='ocr_line' id='line_1_6' title="bbox 708 979 2817 1065; baseline 0 -17"><span class='ocrx_word' id='word_1_34' title='bbox 708 984 985 1048; x_wconf 91' lang='lat' dir='ltr'><strong>omnino</strong></span> <span class='ocrx_word' id='word_1_35' title='bbox 1028 981 1494 1065; x_wconf 77' lang='lat' dir='ltr'><strong>prohibemuS,</strong></span> <span class='ocrx_word' id='word_1_36' title='bbox 1527 999 1616 1044; x_wconf 87' lang='lat' dir='ltr'><strong>ne</strong></span> <span class='ocrx_word' id='word_1_37' title='bbox 1641 980 1716 1044; x_wconf 88' lang='lat' dir='ltr'><strong>in</strong></span> <span class='ocrx_word' id='word_1_38' title='bbox 1745 999 2103 1046; x_wconf 86' lang='lat' dir='ltr'><strong>seruorum</strong></span> <span class='ocrx_word' id='word_1_39' title='bbox 2133 979 2244 1046; x_wconf 91' lang='lat' dir='ltr'><strong>dei</strong></span> <span class='ocrx_word' id='word_1_40' title='bbox 2287 983 2696 1060; x_wconf 87' lang='lat' dir='ltr'><strong>recessibus,</strong></span> <span class='ocrx_word' id='word_1_41' title='bbox 2743 992 2817 1048; x_wconf 92' lang='lat' dir='ltr'><strong>et</strong></span> 
     </span>
     <span class='ocr_line' id='line_1_7' title="bbox 708 1078 2816 1164; baseline -0 -16"><span class='ocrx_word' id='word_1_42' title='bbox 708 1102 945 1148; x_wconf 90' lang='lat' dir='ltr'><strong>eornm</strong></span> <span class='ocrx_word' id='word_1_43' title='bbox 987 1081 1466 1164; x_wconf 77' lang='lat' dir='ltr'><strong>receptaculis,</strong></span> <span class='ocrx_word' id='word_1_44' title='bbox 1501 1078 1647 1144; x_wconf 88' lang='lat' dir='ltr'><strong>ulla</strong></span> <span class='ocrx_word' id='word_1_45' title='bbox 1678 1081 2094 1164; x_wconf 84' lang='lat' dir='ltr'><strong>praebeatur</strong></span> <span class='ocrx_word' id='word_1_46' title='bbox 2123 1083 2400 1146; x_wconf 78' lang='lat' dir='ltr'><strong>occasio</strong></span> <span class='ocrx_word' id='word_1_47' title='bbox 2429 1090 2816 1147; x_wconf 87' lang='lat' dir='ltr'><strong>conuentus</strong></span> 
     </span>
     <span class='ocr_line' id='line_1_8' title="bbox 711 1181 2817 1263; baseline -0 -15"><span class='ocrx_word' id='word_1_48' title='bbox 711 1183 827 1248; x_wconf 89' lang='lat' dir='ltr'><strong>uel</strong></span> <span class='ocrx_word' id='word_1_49' title='bbox 874 1181 1234 1247; x_wconf 82' lang='lat' dir='ltr'><strong>mulierum</strong></span> <span class='ocrx_word' id='word_1_50' title='bbox 1282 1181 1406 1247; x_wconf 89' lang='lat' dir='ltr'><strong>fiat</strong></span> <span class='ocrx_word' id='word_1_51' title='bbox 1451 1199 1676 1246; x_wconf 87' lang='lat' dir='ltr'><strong>nouus</strong></span> <span class='ocrx_word' id='word_1_52' title='bbox 1726 1181 2080 1260; x_wconf 87' lang='lat' dir='ltr'><strong>introitus,</strong></span> <span class='ocrx_word' id='word_1_53' title='bbox 2120 1182 2302 1263; x_wconf 89' lang='lat' dir='ltr'><strong>quod</strong></span> <span class='ocrx_word' id='word_1_54' title='bbox 2351 1183 2632 1247; x_wconf 88' lang='lat' dir='ltr'><strong>omnino</strong></span> <span class='ocrx_word' id='word_1_55' title='bbox 2674 1202 2817 1248; x_wconf 90' lang='lat' dir='ltr'><strong>non</strong></span> 
     </span>
     <span class='ocr_line' id='line_1_9' title="bbox 709 1280 2812 1366; baseline -0 -17"><span class='ocrx_word' id='word_1_56' title='bbox 709 1283 994 1366; x_wconf 83' lang='lat' dir='ltr'><strong>expedit</strong></span> <span class='ocrx_word' id='word_1_57' title='bbox 1034 1282 1398 1348; x_wconf 83' lang='lat' dir='ltr'><strong>animabus</strong></span> <span class='ocrx_word' id='word_1_58' title='bbox 1450 1299 1732 1362; x_wconf 82' lang='lat' dir='ltr'><strong>eorum3</strong></span> <span class='ocrx_word' id='word_1_59' title='bbox 1776 1299 1902 1348; x_wconf 91' lang='lat' dir='ltr'><strong>nec</strong></span> <span class='ocrx_word' id='word_1_60' title='bbox 1947 1280 2252 1346; x_wconf 89' lang='lat' dir='ltr'><strong>audeant</strong></span> <span class='ocrx_word' id='word_1_61' title='bbox 2282 1283 2379 1347; x_wconf 91' lang='lat' dir='ltr'><strong>ibi</strong></span> <span class='ocrx_word' id='word_1_62' title='bbox 2411 1282 2812 1348; x_wconf 84' lang='lat' dir='ltr'><strong>cathedram</strong></span> 
     </span>
     <span class='ocr_line' id='line_1_10' title="bbox 712 1381 2815 1467; baseline -0 -18"><span class='ocrx_word' id='word_1_63' title='bbox 712 1384 1053 1449; x_wconf 84' lang='lat' dir='ltr'><strong>collocare</strong></span> <span class='ocrx_word' id='word_1_64' title='bbox 1100 1383 1211 1448; x_wconf 90' lang='lat' dir='ltr'><strong>uel</strong></span> <span class='ocrx_word' id='word_1_65' title='bbox 1250 1381 1631 1466; x_wconf 86' lang='lat' dir='ltr'><strong>quamlibet</strong></span> <span class='ocrx_word' id='word_1_66' title='bbox 1670 1389 2089 1464; x_wconf 87' lang='lat' dir='ltr'><strong>potestatem</strong></span> <span class='ocrx_word' id='word_1_67' title='bbox 2130 1381 2384 1448; x_wconf 90' lang='lat' dir='ltr'><strong>habere</strong></span> <span class='ocrx_word' id='word_1_68' title='bbox 2428 1385 2815 1467; x_wconf 90' lang='lat' dir='ltr'><strong>imperandi</strong></span> 
     </span>
     <span class='ocr_line' id='line_1_11' title="bbox 710 1481 2816 1568; baseline -0.001 -18"><span class='ocrx_word' id='word_1_69' title='bbox 710 1505 838 1552; x_wconf 88' lang='lat' dir='ltr'><strong>nec</strong></span> <span class='ocrx_word' id='word_1_70' title='bbox 887 1484 1194 1568; x_wconf 83' lang='lat' dir='ltr'><strong>aliquam</strong></span> <span class='ocrx_word' id='word_1_71' title='bbox 1228 1482 1758 1560; x_wconf 86' lang='lat' dir='ltr'><strong>ordinationem,</strong></span> <span class='ocrx_word' id='word_1_72' title='bbox 1801 1481 2122 1564; x_wconf 86' lang='lat' dir='ltr'><strong>quamuis</strong></span> <span class='ocrx_word' id='word_1_73' title='bbox 2164 1482 2613 1562; x_wconf 83' lang='lat' dir='ltr'><strong>lenissimam,</strong></span> <span class='ocrx_word' id='word_1_74' title='bbox 2642 1484 2816 1548; x_wconf 85' lang='lat' dir='ltr'><strong>faci-</strong></span> 
     </span>
     <span class='ocr_line' id='line_1_12' title="bbox 712 1582 2816 1667; baseline -0 -17"><span class='ocrx_word' id='word_1_75' title='bbox 712 1585 898 1663; x_wconf 90' lang='lat' dir='ltr'><strong>endi,</strong></span> <span class='ocrx_word' id='word_1_76' title='bbox 932 1585 1067 1650; x_wconf 88' lang='lat' dir='ltr'><strong>nisi</strong></span> <span class='ocrx_word' id='word_1_77' title='bbox 1115 1592 1187 1649; x_wconf 92' lang='lat' dir='ltr'><strong>et</strong></span> <span class='ocrx_word' id='word_1_78' title='bbox 1224 1584 1475 1650; x_wconf 87' lang='lat' dir='ltr'><strong>abbate</strong></span> <span class='ocrx_word' id='word_1_79' title='bbox 1514 1582 1772 1647; x_wconf 85' lang='lat' dir='ltr'><strong>fuerint</strong></span> <span class='ocrx_word' id='word_1_80' title='bbox 1816 1584 2067 1666; x_wconf 85' lang='lat' dir='ltr'><strong>rogati,</strong></span> <span class='ocrx_word' id='word_1_81' title='bbox 2111 1585 2440 1667; x_wconf 88' lang='lat' dir='ltr'><strong>quatinus</strong></span> <span class='ocrx_word' id='word_1_82' title='bbox 2492 1585 2816 1649; x_wconf 90' lang='lat' dir='ltr'><strong>monachi</strong></span> 
     </span>
     <span class='ocr_line' id='line_1_13' title="bbox 712 1684 2812 1769; baseline 0 -19"><span class='ocrx_word' id='word_1_83' title='bbox 712 1705 986 1769; x_wconf 89' lang='lat' dir='ltr'><strong>semper</strong></span> <span class='ocrx_word' id='word_1_84' title='bbox 1030 1690 1357 1750; x_wconf 88' lang='lat' dir='ltr'><strong>maneant</strong></span> <span class='ocrx_word' id='word_1_85' title='bbox 1398 1685 1471 1748; x_wconf 89' lang='lat' dir='ltr'><strong>in</strong></span> <span class='ocrx_word' id='word_1_86' title='bbox 1514 1684 1848 1749; x_wconf 89' lang='lat' dir='ltr'><strong>abbatum</strong></span> <span class='ocrx_word' id='word_1_87' title='bbox 1881 1703 2164 1748; x_wconf 91' lang='lat' dir='ltr'><strong>suorum</strong></span> <span class='ocrx_word' id='word_1_88' title='bbox 2193 1691 2581 1767; x_wconf 86' lang='lat' dir='ltr'><strong>potestate:</strong></span> <span class='ocrx_word' id='word_1_89' title='bbox 2629 1685 2812 1750; x_wconf 89' lang='lat' dir='ltr'><strong>idem</strong></span> 
     </span>
     <span class='ocr_line' id='line_1_14' title="bbox 712 1784 2818 1862; baseline -0.001 -10"><span class='ocrx_word' id='word_1_90' title='bbox 712 1787 850 1852; x_wconf 87' lang='lat' dir='ltr'><strong>alio</strong></span> <span class='ocrx_word' id='word_1_91' title='bbox 896 1785 1091 1862; x_wconf 82' lang='lat' dir='ltr'><strong>loco:</strong></span> <span class='ocrx_word' id='word_1_92' title='bbox 1156 1784 1606 1849; x_wconf 84' lang='lat' dir='ltr'><strong>Grauaminis</strong></span> <span class='ocrx_word' id='word_1_93' title='bbox 1649 1791 1721 1850; x_wconf 90' lang='lat' dir='ltr'><strong>et</strong></span> <span class='ocrx_word' id='word_1_94' title='bbox 1764 1789 2007 1849; x_wconf 87' lang='lat' dir='ltr'><strong>contra</strong></span> <span class='ocrx_word' id='word_1_95' title='bbox 2055 1785 2488 1850; x_wconf 84' lang='lat' dir='ltr'><strong>sacerdotale</strong></span> <span class='ocrx_word' id='word_1_96' title='bbox 2533 1792 2818 1851; x_wconf 89' lang='lat' dir='ltr'><strong>constat</strong></span> 
     </span>
     <span class='ocr_line' id='line_1_15' title="bbox 710 1885 2814 1969; baseline 0 -18"><span class='ocrx_word' id='word_1_97' title='bbox 710 1906 861 1952; x_wconf 90' lang='lat' dir='ltr'><strong>esse</strong></span> <span class='ocrx_word' id='word_1_98' title='bbox 905 1885 1363 1968; x_wconf 86' lang='lat' dir='ltr'><strong>propositum,</strong></span> <span class='ocrx_word' id='word_1_99' title='bbox 1409 1886 1746 1967; x_wconf 89' lang='lat' dir='ltr'><strong>cuiusque</strong></span> <span class='ocrx_word' id='word_1_100' title='bbox 1791 1886 2192 1950; x_wconf 90' lang='lat' dir='ltr'><strong>monasterii</strong></span> <span class='ocrx_word' id='word_1_101' title='bbox 2234 1887 2603 1969; x_wconf 81' lang='lat' dir='ltr'><strong>priuilegia</strong></span> <span class='ocrx_word' id='word_1_102' title='bbox 2645 1886 2814 1951; x_wconf 91' lang='lat' dir='ltr'><strong>olim</strong></span> 
     </span>
     <span class='ocr_line' id='line_1_16' title="bbox 710 1984 2812 2070; baseline 0 -19"><span class='ocrx_word' id='word_1_103' title='bbox 710 1985 981 2051; x_wconf 81' lang='lat' dir='ltr'><strong>indulta</strong></span> <span class='ocrx_word' id='word_1_104' title='bbox 1012 1984 1429 2050; x_wconf 72' lang='lat' dir='ltr'><strong>confundere</strong></span> <span class='ocrx_word' id='word_1_105' title='bbox 1470 1991 1543 2050; x_wconf 88' lang='lat' dir='ltr'><strong>et</strong></span> <span class='ocrx_word' id='word_1_106' title='bbox 1575 1985 1663 2049; x_wconf 89' lang='lat' dir='ltr'><strong>ad</strong></span> <span class='ocrx_word' id='word_1_107' title='bbox 1697 1985 1972 2052; x_wconf 85' lang='lat' dir='ltr'><strong>irritum</strong></span> <span class='ocrx_word' id='word_1_108' title='bbox 2007 2004 2188 2068; x_wconf 89' lang='lat' dir='ltr'><strong>quae</strong></span> <span class='ocrx_word' id='word_1_109' title='bbox 2217 1994 2380 2051; x_wconf 90' lang='lat' dir='ltr'><strong>sunt</strong></span> <span class='ocrx_word' id='word_1_110' title='bbox 2412 2007 2540 2070; x_wconf 87' lang='lat' dir='ltr'><strong>pro</strong></span> <span class='ocrx_word' id='word_1_111' title='bbox 2574 1988 2812 2070; x_wconf 89' lang='lat' dir='ltr'><strong>quiete</strong></span> 
     </span>
     <span class='ocr_line' id='line_1_17' title="bbox 710 2085 2814 2176; baseline 0.001 -25"><span class='ocrx_word' id='word_1_112' title='bbox 710 2087 1050 2170; x_wconf 90' lang='lat' dir='ltr'><strong>disposita</strong></span> <span class='ocrx_word' id='word_1_113' title='bbox 1110 2086 1240 2150; x_wconf 88' lang='lat' dir='ltr'><strong>niti</strong></span> <span class='ocrx_word' id='word_1_114' title='bbox 1300 2085 1681 2150; x_wconf 89' lang='lat' dir='ltr'><strong>deducere:</strong></span> <span class='ocrx_word' id='word_1_115' title='bbox 1746 2086 1914 2150; x_wconf 89' lang='lat' dir='ltr'><strong>item</strong></span> <span class='ocrx_word' id='word_1_116' title='bbox 1981 2085 2128 2176; x_wconf 81' lang='lat' dir='ltr'><strong>Leo</strong></span> <span class='ocrx_word' id='word_1_117' title='bbox 2181 2105 2390 2171; x_wconf 87' lang='lat' dir='ltr'><strong>papa,</strong></span> <span class='ocrx_word' id='word_1_118' title='bbox 2447 2087 2814 2153; x_wconf 86' lang='lat' dir='ltr'><strong>Marciano</strong></span> 
     </span>
     <span class='ocr_line' id='line_1_18' title="bbox 712 2186 2814 2272; baseline 0 -20"><span class='ocrx_word' id='word_1_119' title='bbox 712 2187 1067 2270; x_wconf 79' lang='lat' dir='ltr'><strong>August03</strong></span> <span class='ocrx_word' id='word_1_120' title='bbox 1107 2186 1490 2268; x_wconf 83' lang='lat' dir='ltr'><strong>Priuilegia</strong></span> <span class='ocrx_word' id='word_1_121' title='bbox 1514 2186 2087 2254; x_wconf 86' lang='lat' dir='ltr'><strong>monasteriorum</strong></span> <span class='ocrx_word' id='word_1_122' title='bbox 2113 2196 2506 2252; x_wconf 88' lang='lat' dir='ltr'><strong>sanctorum</strong></span> <span class='ocrx_word' id='word_1_123' title='bbox 2534 2196 2814 2272; x_wconf 87' lang='lat' dir='ltr'><strong>patrum</strong></span> 
     </span>
     <span class='ocr_line' id='line_1_19' title="bbox 713 2287 2816 2372; baseline 0 -18"><span class='ocrx_word' id='word_1_124' title='bbox 713 2288 1131 2354; x_wconf 87' lang='lat' dir='ltr'><strong>auctoritate</strong></span> <span class='ocrx_word' id='word_1_125' title='bbox 1156 2287 1481 2353; x_wconf 90' lang='lat' dir='ltr'><strong>instituta</strong></span> <span class='ocrx_word' id='word_1_126' title='bbox 1498 2287 1692 2354; x_wconf 83' lang='lat' dir='ltr'><strong>nulla</strong></span> <span class='ocrx_word' id='word_1_127' title='bbox 1722 2293 2015 2372; x_wconf 87' lang='lat' dir='ltr'><strong>possunt</strong></span> <span class='ocrx_word' id='word_1_128' title='bbox 2037 2288 2458 2370; x_wconf 85' lang='lat' dir='ltr'><strong>inprobitate</strong></span> <span class='ocrx_word' id='word_1_129' title='bbox 2487 2290 2816 2370; x_wconf 89' lang='lat' dir='ltr'><strong>conuelli,</strong></span> 
     </span>
     <span class='ocr_line' id='line_1_20' title="bbox 703 2387 2816 2474; baseline 0.001 -22"><span class='ocrx_word' id='word_1_130' title='bbox 703 2388 905 2454; x_wconf 85' lang='lat' dir='ltr'><strong>nulla</strong></span> <span class='ocrx_word' id='word_1_131' title='bbox 922 2390 1235 2456; x_wconf 87' lang='lat' dir='ltr'><strong>nouitate</strong></span> <span class='ocrx_word' id='word_1_132' title='bbox 1251 2388 1535 2453; x_wconf 88' lang='lat' dir='ltr'><strong>mutari:</strong></span> <span class='ocrx_word' id='word_1_133' title='bbox 1581 2387 1748 2453; x_wconf 90' lang='lat' dir='ltr'><strong>item</strong></span> <span class='ocrx_word' id='word_1_134' title='bbox 1769 2407 1860 2453; x_wconf 84' lang='lat' dir='ltr'><strong>ex</strong></span> <span class='ocrx_word' id='word_1_135' title='bbox 1890 2387 2182 2454; x_wconf 85' lang='lat' dir='ltr'><strong>decretis</strong></span> <span class='ocrx_word' id='word_1_136' title='bbox 2199 2387 2524 2455; x_wconf 86' lang='lat' dir='ltr'><strong>Anacleti</strong></span> <span class='ocrx_word' id='word_1_137' title='bbox 2551 2410 2816 2474; x_wconf 82' lang='lat' dir='ltr'><strong>papae3</strong></span> 
     </span>
     <span class='ocr_line' id='line_1_21' title="bbox 712 2489 2816 2575; baseline 0.001 -21"><span class='ocrx_word' id='word_1_138' title='bbox 712 2489 1097 2573; x_wconf 76' lang='lat' dir='ltr'><strong>Priuilegia</strong></span> <span class='ocrx_word' id='word_1_139' title='bbox 1129 2489 1702 2556; x_wconf 85' lang='lat' dir='ltr'><strong>monasteriorum</strong></span> <span class='ocrx_word' id='word_1_140' title='bbox 1735 2489 2152 2556; x_wconf 89' lang='lat' dir='ltr'><strong>intemerata</strong></span> <span class='ocrx_word' id='word_1_141' title='bbox 2185 2497 2256 2555; x_wconf 90' lang='lat' dir='ltr'><strong>et</strong></span> <span class='ocrx_word' id='word_1_142' title='bbox 2281 2490 2622 2557; x_wconf 88' lang='lat' dir='ltr'><strong>inuiolata</strong></span> <span class='ocrx_word' id='word_1_143' title='bbox 2655 2511 2816 2575; x_wconf 90' lang='lat' dir='ltr'><strong>per-</strong></span> 
     </span>
     <span class='ocr_line' id='line_1_22' title="bbox 712 2590 2818 2675; baseline 0 -19"><span class='ocrx_word' id='word_1_144' title='bbox 712 2592 941 2674; x_wconf 89' lang='lat' dir='ltr'><strong>petuis</strong></span> <span class='ocrx_word' id='word_1_145' title='bbox 987 2590 1415 2657; x_wconf 89' lang='lat' dir='ltr'><strong>decreuimus</strong></span> <span class='ocrx_word' id='word_1_146' title='bbox 1470 2608 1748 2657; x_wconf 88' lang='lat' dir='ltr'><strong>manere</strong></span> <span class='ocrx_word' id='word_1_147' title='bbox 1798 2592 2266 2675; x_wconf 80' lang='lat' dir='ltr'><strong>temporibus:</strong></span> <span class='ocrx_word' id='word_1_148' title='bbox 2339 2592 2505 2656; x_wconf 89' lang='lat' dir='ltr'><strong>item</strong></span> <span class='ocrx_word' id='word_1_149' title='bbox 2565 2594 2818 2657; x_wconf 84' lang='lat' dir='ltr'><strong>beatus</strong></span> 
     </span>
     <span class='ocr_line' id='line_1_23' title="bbox 714 2690 2820 2775; baseline 0.001 -18"><span class='ocrx_word' id='word_1_150' title='bbox 714 2691 1153 2775; x_wconf 79' lang='lat' dir='ltr'><strong>Augustinus</strong></span> <span class='ocrx_word' id='word_1_151' title='bbox 1191 2692 1471 2757; x_wconf 88' lang='lat' dir='ltr'><strong>inlibro</strong></span> <span class='ocrx_word' id='word_1_152' title='bbox 1514 2691 1605 2756; x_wconf 92' lang='lat' dir='ltr'><strong>de</strong></span> <span class='ocrx_word' id='word_1_153' title='bbox 1648 2690 2177 2757; x_wconf 86' lang='lat' dir='ltr'><strong>aecclesiasticis</strong></span> <span class='ocrx_word' id='word_1_154' title='bbox 2211 2693 2566 2757; x_wconf 86' lang='lat' dir='ltr'><strong>ordinibus</strong></span> <span class='ocrx_word' id='word_1_155' title='bbox 2610 2693 2820 2760; x_wconf 89' lang='lat' dir='ltr'><strong>docet</strong></span> 
     </span>
     <span class='ocr_line' id='line_1_24' title="bbox 710 2792 2820 2877; baseline 0.001 -20"><span class='ocrx_word' id='word_1_156' title='bbox 710 2794 841 2858; x_wconf 91' lang='lat' dir='ltr'><strong>sub</strong></span> <span class='ocrx_word' id='word_1_157' title='bbox 876 2793 1107 2877; x_wconf 89' lang='lat' dir='ltr'><strong>quiete</strong></span> <span class='ocrx_word' id='word_1_158' title='bbox 1139 2792 1514 2860; x_wconf 88' lang='lat' dir='ltr'><strong>monachos</strong></span> <span class='ocrx_word' id='word_1_159' title='bbox 1534 2792 1948 2874; x_wconf 84' lang='lat' dir='ltr'><strong>regulariter</strong></span> <span class='ocrx_word' id='word_1_160' title='bbox 1979 2792 2296 2857; x_wconf 86' lang='lat' dir='ltr'><strong>uiuentes</strong></span> <span class='ocrx_word' id='word_1_161' title='bbox 2324 2812 2453 2858; x_wconf 88' lang='lat' dir='ltr'><strong>sua</strong></span> <span class='ocrx_word' id='word_1_162' title='bbox 2477 2794 2820 2875; x_wconf 87' lang='lat' dir='ltr'><strong>singulari</strong></span> 
     </span>
     <span class='ocr_line' id='line_1_25' title="bbox 713 2892 2816 2977; baseline 0 -18"><span class='ocrx_word' id='word_1_163' title='bbox 713 2895 869 2977; x_wconf 73' lang='lat' dir='ltr'><strong>lege</strong></span> <span class='ocrx_word' id='word_1_164' title='bbox 902 2894 1153 2959; x_wconf 88' lang='lat' dir='ltr'><strong>debere</strong></span> <span class='ocrx_word' id='word_1_165' title='bbox 1185 2893 1565 2977; x_wconf 88' lang='lat' dir='ltr'><strong>quiescere,</strong></span> <span class='ocrx_word' id='word_1_166' title='bbox 1605 2902 1674 2959; x_wconf 89' lang='lat' dir='ltr'><strong>et</strong></span> <span class='ocrx_word' id='word_1_167' title='bbox 1715 2894 1806 2957; x_wconf 91' lang='lat' dir='ltr'><strong>ab</strong></span> <span class='ocrx_word' id='word_1_168' title='bbox 1835 2892 2022 2956; x_wconf 90' lang='lat' dir='ltr'><strong>omni</strong></span> <span class='ocrx_word' id='word_1_169' title='bbox 2051 2893 2495 2959; x_wconf 81' lang='lat' dir='ltr'><strong>infestatione</strong></span> <span class='ocrx_word' id='word_1_170' title='bbox 2526 2894 2816 2960; x_wconf 90' lang='lat' dir='ltr'><strong>clerico-</strong></span> 
     </span>
    </p>
   </div>
   <div class='ocr_carea' id='block_1_3' title="bbox 580 2993 2818 3079">
    <p class='ocr_par' dir='ltr' id='par_1_3' title="bbox 580 2993 2818 3079">
     <span class='ocr_line' id='line_1_26' title="bbox 580 2993 2818 3079; baseline 0.001 -20"><span class='ocrx_word' id='word_1_171' title='bbox 580 2994 591 3003; x_wconf 83' lang='lat'>&#39;</span> <span class='ocrx_word' id='word_1_172' title='bbox 712 3014 866 3061; x_wconf 80' lang='lat' dir='ltr'><strong>rum</strong></span> <span class='ocrx_word' id='word_1_173' title='bbox 901 2993 1282 3077; x_wconf 89' lang='lat' dir='ltr'><strong>intrepidos</strong></span> <span class='ocrx_word' id='word_1_174' title='bbox 1322 3012 1751 3077; x_wconf 87' lang='lat' dir='ltr'><strong>permanere,</strong></span> <span class='ocrx_word' id='word_1_175' title='bbox 1790 3012 1877 3057; x_wconf 89' lang='lat' dir='ltr'><strong>ne</strong></span> <span class='ocrx_word' id='word_1_176' title='bbox 1913 2994 2290 3059; x_wconf 86' lang='lat' dir='ltr'><strong>saecularis</strong></span> <span class='ocrx_word' id='word_1_177' title='bbox 2329 2996 2664 3079; x_wconf 87' lang='lat' dir='ltr'><strong>strepitus</strong></span> <span class='ocrx_word' id='word_1_178' title='bbox 2693 3016 2818 3061; x_wconf 88' lang='lat' dir='ltr'><strong>eos</strong></span> 
     </span>
    </p>
   </div>
   <div class='ocr_carea' id='block_1_4' title="bbox 711 3093 2822 3579">
    <p class='ocr_par' dir='ltr' id='par_1_4' title="bbox 711 3093 2822 3579">
     <span class='ocr_line' id='line_1_27' title="bbox 713 3093 2822 3178; baseline 0.002 -19"><span class='ocrx_word' id='word_1_179' title='bbox 713 3094 947 3161; x_wconf 86' lang='lat' dir='ltr'><strong>laedat</strong></span> <span class='ocrx_word' id='word_1_180' title='bbox 975 3114 1151 3178; x_wconf 87' lang='lat' dir='ltr'><strong>qnos</strong></span> <span class='ocrx_word' id='word_1_181' title='bbox 1185 3093 1505 3163; x_wconf 84' lang='lat' dir='ltr'><strong>districta</strong></span> <span class='ocrx_word' id='word_1_182' title='bbox 1527 3093 1772 3176; x_wconf 84' lang='lat' dir='ltr'><strong>regula</strong></span> <span class='ocrx_word' id='word_1_183' title='bbox 1799 3094 2156 3160; x_wconf 88' lang='lat' dir='ltr'><strong>seruitutis</strong></span> <span class='ocrx_word' id='word_1_184' title='bbox 2201 3094 2460 3159; x_wconf 88' lang='lat' dir='ltr'><strong>domini</strong></span> <span class='ocrx_word' id='word_1_185' title='bbox 2503 3096 2822 3163; x_wconf 85' lang='lat' dir='ltr'><strong>modera-</strong></span> 
     </span>
     <span class='ocr_line' id='line_1_28' title="bbox 714 3193 2820 3277; baseline 0.001 -17"><span class='ocrx_word' id='word_1_186' title='bbox 714 3204 871 3260; x_wconf 86' lang='lat' dir='ltr'><strong>tur:</strong></span> <span class='ocrx_word' id='word_1_187' title='bbox 925 3196 1092 3261; x_wconf 89' lang='lat' dir='ltr'><strong>item</strong></span> <span class='ocrx_word' id='word_1_188' title='bbox 1122 3214 1213 3260; x_wconf 79' lang='lat' dir='ltr'><strong>ex</strong></span> <span class='ocrx_word' id='word_1_189' title='bbox 1253 3194 1543 3261; x_wconf 90' lang='lat' dir='ltr'><strong>concilio</strong></span> <span class='ocrx_word' id='word_1_190' title='bbox 1589 3193 1995 3277; x_wconf 87' lang='lat' dir='ltr'><strong>Hispalensi</strong></span> <span class='ocrx_word' id='word_1_191' title='bbox 2030 3196 2362 3275; x_wconf 69' lang='lat' dir='ltr'><strong>secundm</strong></span> <span class='ocrx_word' id='word_1_192' title='bbox 2427 3195 2820 3262; x_wconf 89' lang='lat' dir='ltr'><strong>Statuimus</strong></span> 
     </span>
     <span class='ocr_line' id='line_1_29' title="bbox 711 3295 2820 3379; baseline 0.001 -18"><span class='ocrx_word' id='word_1_193' title='bbox 711 3296 865 3379; x_wconf 87' lang='lat' dir='ltr'><strong>pari</strong></span> <span class='ocrx_word' id='word_1_194' title='bbox 918 3296 1262 3363; x_wconf 86' lang='lat' dir='ltr'><strong>sententia</strong></span> <span class='ocrx_word' id='word_1_195' title='bbox 1313 3302 1393 3361; x_wconf 92' lang='lat' dir='ltr'><strong>ut</strong></span> <span class='ocrx_word' id='word_1_196' title='bbox 1436 3295 1792 3373; x_wconf 90' lang='lat' dir='ltr'><strong>coenobia,</strong></span> <span class='ocrx_word' id='word_1_197' title='bbox 1835 3312 2014 3378; x_wconf 90' lang='lat' dir='ltr'><strong>quae</strong></span> <span class='ocrx_word' id='word_1_198' title='bbox 2061 3296 2446 3379; x_wconf 85' lang='lat' dir='ltr'><strong>antiquitus</strong></span> <span class='ocrx_word' id='word_1_199' title='bbox 2496 3298 2820 3364; x_wconf 88' lang='lat' dir='ltr'><strong>instituta</strong></span> 
     </span>
     <span class='ocr_line' id='line_1_30' title="bbox 712 3396 2820 3483; baseline 0.003 -23"><span class='ocrx_word' id='word_1_200' title='bbox 712 3404 899 3474; x_wconf 89' lang='lat' dir='ltr'><strong>sunt,</strong></span> <span class='ocrx_word' id='word_1_201' title='bbox 958 3396 1289 3467; x_wconf 84' lang='lat' dir='ltr'><strong>immobili</strong></span> <span class='ocrx_word' id='word_1_202' title='bbox 1350 3403 1421 3461; x_wconf 91' lang='lat' dir='ltr'><strong>et</strong></span> <span class='ocrx_word' id='word_1_203' title='bbox 1478 3396 1891 3483; x_wconf 85' lang='lat' dir='ltr'><strong>inconcussa</strong></span> <span class='ocrx_word' id='word_1_204' title='bbox 1933 3396 2314 3462; x_wconf 84' lang='lat' dir='ltr'><strong>stabilitate</strong></span> <span class='ocrx_word' id='word_1_205' title='bbox 2363 3408 2820 3481; x_wconf 85' lang='lat' dir='ltr'><strong>permaneant</strong></span> 
     </span>
     <span class='ocr_line' id='line_1_31' title="bbox 712 3496 2816 3579; baseline 0.002 -18"><span class='ocrx_word' id='word_1_206' title='bbox 712 3498 1033 3570; x_wconf 87' lang='lat' dir='ltr'><strong>solidata.</strong></span> <span class='ocrx_word' id='word_1_207' title='bbox 1136 3497 1212 3561; x_wconf 88' lang='lat' dir='ltr'><strong>Si</strong></span> <span class='ocrx_word' id='word_1_208' title='bbox 1242 3496 1401 3579; x_wconf 89' lang='lat' dir='ltr'><strong>quis</strong></span> <span class='ocrx_word' id='word_1_209' title='bbox 1431 3504 1690 3574; x_wconf 86' lang='lat' dir='ltr'><strong>autem,</strong></span> <span class='ocrx_word' id='word_1_210' title='bbox 1717 3496 1900 3579; x_wconf 91' lang='lat' dir='ltr'><strong>quod</strong></span> <span class='ocrx_word' id='word_1_211' title='bbox 1939 3497 2146 3575; x_wconf 91' lang='lat' dir='ltr'><strong>absit,</strong></span> <span class='ocrx_word' id='word_1_212' title='bbox 2168 3506 2478 3563; x_wconf 88' lang='lat' dir='ltr'><strong>nostrum</strong></span> <span class='ocrx_word' id='word_1_213' title='bbox 2512 3498 2622 3563; x_wconf 89' lang='lat' dir='ltr'><strong>uel</strong></span> <span class='ocrx_word' id='word_1_214' title='bbox 2657 3520 2816 3566; x_wconf 90' lang='lat' dir='ltr'><strong>suc-</strong></span> 
     </span>
    </p>
   </div>
   <div class='ocr_carea' id='block_1_5' title="bbox 591 3596 2819 3681">
    <p class='ocr_par' dir='ltr' id='par_1_5' title="bbox 591 3596 2819 3681">
     <span class='ocr_line' id='line_1_32' title="bbox 591 3596 2819 3681; baseline 0.002 -18"><span class='ocrx_word' id='word_1_215' title='bbox 591 3627 597 3633; x_wconf 96' lang='lat'>·</span> <span class='ocrx_word' id='word_1_216' title='bbox 712 3597 1099 3665; x_wconf 87' lang='lat' dir='ltr'><strong>cedentium</strong></span> <span class='ocrx_word' id='word_1_217' title='bbox 1150 3597 1586 3663; x_wconf 80' lang='lat' dir='ltr'><strong>sacerdotum</strong></span> <span class='ocrx_word' id='word_1_218' title='bbox 1638 3596 1994 3681; x_wconf 91' lang='lat' dir='ltr'><strong>quodlibet</strong></span> <span class='ocrx_word' id='word_1_219' title='bbox 2036 3599 2528 3665; x_wconf 87' lang='lat' dir='ltr'><strong>monasterium</strong></span> <span class='ocrx_word' id='word_1_220' title='bbox 2575 3608 2702 3665; x_wconf 90' lang='lat' dir='ltr'><strong>aut</strong></span> <span class='ocrx_word' id='word_1_221' title='bbox 2745 3602 2819 3667; x_wconf 90' lang='lat' dir='ltr'><strong>ui</strong></span> 
     </span>
    </p>
   </div>
   <div class='ocr_carea' id='block_1_6' title="bbox 706 3697 2819 4288">
    <p class='ocr_par' dir='ltr' id='par_1_6' title="bbox 706 3697 2819 4288">
     <span class='ocr_line' id='line_1_33' title="bbox 713 3697 2818 3784; baseline 0.001 -19"><span class='ocrx_word' id='word_1_222' title='bbox 713 3699 1115 3783; x_wconf 86' lang='lat' dir='ltr'><strong>cupiditatis</strong></span> <span class='ocrx_word' id='word_1_223' title='bbox 1165 3697 1568 3783; x_wconf 76' lang='lat' dir='ltr'><strong>expoliandi</strong></span> <span class='ocrx_word' id='word_1_224' title='bbox 1617 3706 1742 3765; x_wconf 91' lang='lat' dir='ltr'><strong>aut</strong></span> <span class='ocrx_word' id='word_1_225' title='bbox 1785 3698 2224 3764; x_wconf 88' lang='lat' dir='ltr'><strong>simulatione</strong></span> <span class='ocrx_word' id='word_1_226' title='bbox 2275 3700 2510 3784; x_wconf 89' lang='lat' dir='ltr'><strong>aliqua</strong></span> <span class='ocrx_word' id='word_1_227' title='bbox 2551 3699 2818 3767; x_wconf 82' lang='lat' dir='ltr'><strong>fraudis</strong></span> 
     </span>
     <span class='ocr_line' id='line_1_34' title="bbox 713 3797 2819 3882; baseline 0.001 -17"><span class='ocrx_word' id='word_1_228' title='bbox 713 3800 1150 3867; x_wconf 87' lang='lat' dir='ltr'><strong>conuellendi</strong></span> <span class='ocrx_word' id='word_1_229' title='bbox 1227 3798 1341 3863; x_wconf 87' lang='lat' dir='ltr'><strong>nel</strong></span> <span class='ocrx_word' id='word_1_230' title='bbox 1414 3797 1843 3864; x_wconf 89' lang='lat' dir='ltr'><strong>dissoluendi</strong></span> <span class='ocrx_word' id='word_1_231' title='bbox 1903 3800 2374 3882; x_wconf 88' lang='lat' dir='ltr'><strong>temptauerit,</strong></span> <span class='ocrx_word' id='word_1_232' title='bbox 2443 3801 2819 3868; x_wconf 89' lang='lat' dir='ltr'><strong>anathema</strong></span> 
     </span>
     <span class='ocr_line' id='line_1_35' title="bbox 713 3900 2819 3984; baseline 0.002 -19"><span class='ocrx_word' id='word_1_233' title='bbox 713 3900 1020 3977; x_wconf 75' lang='lat' dir='ltr'><strong>effectnS,</strong></span> <span class='ocrx_word' id='word_1_234' title='bbox 1050 3906 1328 3965; x_wconf 87' lang='lat' dir='ltr'><strong>maneat</strong></span> <span class='ocrx_word' id='word_1_235' title='bbox 1349 3919 1393 3965; x_wconf 88' lang='lat' dir='ltr'><strong>a</strong></span> <span class='ocrx_word' id='word_1_236' title='bbox 1414 3919 1630 3982; x_wconf 80' lang='lat' dir='ltr'><strong>regno</strong></span> <span class='ocrx_word' id='word_1_237' title='bbox 1653 3900 1764 3965; x_wconf 89' lang='lat' dir='ltr'><strong>dei</strong></span> <span class='ocrx_word' id='word_1_238' title='bbox 1787 3906 2190 3977; x_wconf 83' lang='lat' dir='ltr'><strong>extraneus,</strong></span> <span class='ocrx_word' id='word_1_239' title='bbox 2221 3918 2349 3965; x_wconf 87' lang='lat' dir='ltr'><strong>nec</strong></span> <span class='ocrx_word' id='word_1_240' title='bbox 2370 3902 2693 3984; x_wconf 85' lang='lat' dir='ltr'><strong>proficiat</strong></span> <span class='ocrx_word' id='word_1_241' title='bbox 2715 3904 2819 3969; x_wconf 88' lang='lat' dir='ltr'><strong>illi</strong></span> 
     </span>
     <span class='ocr_line' id='line_1_36' title="bbox 713 3999 2814 4084; baseline 0.001 -17"><span class='ocrx_word' id='word_1_242' title='bbox 713 4003 967 4068; x_wconf 91' lang='lat' dir='ltr'><strong>bonum</strong></span> <span class='ocrx_word' id='word_1_243' title='bbox 1004 3999 1162 4064; x_wconf 91' lang='lat' dir='ltr'><strong>fidei</strong></span> <span class='ocrx_word' id='word_1_244' title='bbox 1189 4002 1303 4065; x_wconf 92' lang='lat' dir='ltr'><strong>uel</strong></span> <span class='ocrx_word' id='word_1_245' title='bbox 1346 4001 1578 4083; x_wconf 89' lang='lat' dir='ltr'><strong>operis</strong></span> <span class='ocrx_word' id='word_1_246' title='bbox 1621 4000 1708 4065; x_wconf 94' lang='lat' dir='ltr'><strong>ad</strong></span> <span class='ocrx_word' id='word_1_247' title='bbox 1755 4000 2053 4065; x_wconf 89' lang='lat' dir='ltr'><strong>salutem</strong></span> <span class='ocrx_word' id='word_1_248' title='bbox 2100 4000 2220 4084; x_wconf 91' lang='lat' dir='ltr'><strong>qui</strong></span> <span class='ocrx_word' id='word_1_249' title='bbox 2265 4008 2505 4067; x_wconf 86' lang='lat' dir='ltr'><strong>tantae</strong></span> <span class='ocrx_word' id='word_1_250' title='bbox 2549 4010 2620 4068; x_wconf 89' lang='lat' dir='ltr'><strong>et</strong></span> <span class='ocrx_word' id='word_1_251' title='bbox 2667 4012 2814 4069; x_wconf 88' lang='lat' dir='ltr'><strong>tam</strong></span> 
     </span>
     <span class='ocr_line' id='line_1_37' title="bbox 712 4101 2817 4187; baseline 0.003 -22"><span class='ocrx_word' id='word_1_252' title='bbox 712 4101 1037 4167; x_wconf 84' lang='lat' dir='ltr'><strong>salutaris</strong></span> <span class='ocrx_word' id='word_1_253' title='bbox 1101 4102 1287 4167; x_wconf 88' lang='lat' dir='ltr'><strong>uitae</strong></span> <span class='ocrx_word' id='word_1_254' title='bbox 1366 4102 1792 4176; x_wconf 83' lang='lat' dir='ltr'><strong>destruxerit</strong></span> <span class='ocrx_word' id='word_1_255' title='bbox 1865 4102 2234 4167; x_wconf 86' lang='lat' dir='ltr'><strong>tramitem.</strong></span> <span class='ocrx_word' id='word_1_256' title='bbox 2371 4102 2584 4168; x_wconf 88' lang='lat' dir='ltr'><strong>Hanc</strong></span> <span class='ocrx_word' id='word_1_257' title='bbox 2643 4125 2817 4187; x_wconf 84' lang='lat' dir='ltr'><strong>ergo</strong></span> 
     </span>
     <span class='ocr_line' id='line_1_38' title="bbox 706 4202 2818 4288; baseline 0.002 -21"><span class='ocrx_word' id='word_1_258' title='bbox 706 4204 1121 4288; x_wconf 87' lang='lat' dir='ltr'><strong>scriptorum</strong></span> <span class='ocrx_word' id='word_1_259' title='bbox 1158 4202 1434 4268; x_wconf 89' lang='lat' dir='ltr'><strong>illorum</strong></span> <span class='ocrx_word' id='word_1_260' title='bbox 1478 4202 1889 4268; x_wconf 88' lang='lat' dir='ltr'><strong>sententiam</strong></span> <span class='ocrx_word' id='word_1_261' title='bbox 1925 4202 2466 4282; x_wconf 88' lang='lat' dir='ltr'><strong>considerantes,</strong></span> <span class='ocrx_word' id='word_1_262' title='bbox 2505 4203 2621 4268; x_wconf 87' lang='lat' dir='ltr'><strong>nel</strong></span> <span class='ocrx_word' id='word_1_263' title='bbox 2655 4206 2818 4272; x_wconf 88' lang='lat' dir='ltr'><strong>ideo</strong></span> 
     </span>
    </p>
   </div>
  </div>
 </body>
</html>
