3119 5026
837 454 1181 506 enimus
1226 456 1922 511 ANGLOSAxoutcAs.
2362 446 2449 511 19

329 624 539 688 quam
569 609 926 675 sinistrum
956 613 1210 679 audere
1242 617 1806 698 praesumpserit,
1830 618 2033 683 uiuus
2062 618 2148 683 ad
2185 618 2442 685 inferos

326 717 572 791 raptus
601 710 786 775 inter
816 715 1044 779 omnia
1078 723 1415 798 perpetua
1444 718 1630 780 mala
1656 717 1730 782 in
1764 726 2169 802 perpetuum
2204 719 2441 803 damp-

323 816 552 874 netur.

413 908 625 975 Anno
667 913 760 975 ab
803 913 1278 980 incarnatione
1319 916 1587 981 domini
1649 922 2270 986 ‚ncccc¹”⁰.L¹⁰⁰1x”⁰.
2315 921 2437 984 im·

319 1010 500 1091 perii
529 1018 765 1075 autem
811 1013 1096 1095 gloriosi
1133 1016 1318 1099 regis
1355 1016 1660 1099 Eadgari
1695 1036 1856 1085 .1111.
1888 1040 2020 1102 ego
2049 1020 2435 1086 Ealdredus

319 1110 544 1174 abbas
591 1111 770 1176 hanc
820 1114 1170 1180 scedulam
1229 1118 1499 1200 scripsi,
1553 1118 1892 1185 kalendas
1941 1120 2231 1203 Aprilis,
2288 1123 2433 1204 epi·

317 1228 540 1293 scopo
566 1212 940 1279 Dunstano
985 1226 1300 1297 rogante,
1336 1238 1547 1301 quam
1591 1220 1772 1284 idem
1817 1216 2207 1304 episcopus,
2245 1222 2432 1287 Lon·

315 1310 574 1375 doniae
605 1320 676 1377 et
704 1313 1113 1397 Wigorniae
1139 1336 1406 1383 necnon
1430 1328 1500 1383 et
1528 1321 1747 1385 totius
1774 1318 2077 1403 Angliae
2106 1322 2430 1401 decanus,

313 1430 534 1495 super
561 1413 784 1479 altare
811 1416 997 1481 beati
1027 1416 1220 1481 Petri
1247 1419 1320 1482 in
1341 1420 1579 1484 eadem
1612 1419 1971 1498 aecclesia,
2001 1440 2181 1505 quae
2210 1425 2430 1488 mani·

310 1510 454 1575 bus
497 1514 830 1596 angelicis
863 1525 1269 1583 consecrata
1312 1520 1713 1598 dinoscitur,
1759 1520 2013 1605 optulit
2050 1530 2261 1606 atque
2300 1524 2427 1587 ibi-

310 1610 478 1675 dem
531 1614 604 1677 in
659 1634 908 1680 aeuum
969 1627 1256 1701 propter
1313 1620 1718 1705 iniquitates
1784 1621 2429 1707 simultationesque

309 1711 709 1779 futurorum
739 1724 950 1800 atque
981 1716 1344 1801 inopinata
1371 1721 1558 1785 mala
1602 1738 1785 1805 quae
1835 1740 2044 1805 saepe
2079 1724 2427 1805 praedice-

307 1812 439 1876 bat
483 1813 722 1881 futura
763 1836 918 1882 eam
962 1820 1228 1883 seruari
1261 1820 1348 1885 ad
1385 1821 1847 1887 defensionem
1883 1821 2017 1887 loci
2050 1824 2427 1907 praecepit,

305 1912 692 1999 indictione
725 1938 894 1983 uero
925 1919 1253 1987 secunda.

1106 2174 1627 2287 Mccxxlv.

851 2334 1293 2449 Etnwm,
1334 2372 1506 2456 May
1537 2372 1725 2449 17th‚
1756 2372 1907 2437 959.

441 2519 524 2600 ›1‹
595 2517 1228 2586 ORTHoDoxoRUM
1279 2521 1541 2603 uigoris
1600 2523 2093 2588 aecclesiastici
2152 2523 2421 2587 monitu

301 2619 723 2684 creberrime
757 2620 1184 2699 instruimur,
1210 2629 1289 2686 ut
1322 2621 1424 2686 flli
1453 2623 1709 2705 oppido
1742 2623 2036 2688 subiecti
2066 2623 2414 2705 suppedit·

299 2726 510 2784 antes
539 2719 971 2798 famulemur,
1000 2721 1121 2804 qui
1156 2723 1369 2786 totius
1413 2723 1650 2788 mundi
1680 2723 2009 2788 fabricam
2040 2723 2213 2788 miro
2245 2723 2419 2787 inef-

301 2819 645 2903 fabilique
691 2822 866 2886 serie
908 2821 1302 2904 disponenS,
1351 2823 1900 2900 microcosmum,
1956 2822 2183 2888 Adam
2228 2823 2421 2887 uide·

297 2919 496 2998 licet,
527 2921 808 2986 tandem
844 2921 1294 3005 quadriformi
1332 2922 1752 3006 plasmatum
1785 2924 2075 2989 materia
2110 2922 2295 2988 almo
2328 2925 2417 2988 ad

301 3021 419 3084 sui
447 3021 967 3088 similitudinem
997 3023 1402 3094 instinctum
1437 3024 1835 3106 spiramine,
1868 3025 2207 3088 uniuersis
2240 3044 2419 3107 quae

300 3121 374 3185 in
428 3121 688 3186 infimis
737 3122 1184 3201 formauerat,
1245 3143 1384 3189 uno
1441 3125 1781 3208 probandi
1846 3144 2061 3190 causa
2121 3133 2417 3209 excepto

301 3222 692 3306 uetitoque,
728 3223 1131 3306 praeficiens
1168 3224 1657 3290 Paradisiacae
1700 3225 2140 3290 amoenitatis
2178 3225 2416 3291 iocun-

297 3323 527 3388 ditate
581 3323 1026 3390 conlaterana
1091 3325 1246 3390 Eua
1309 3325 1575 3390 scilicet
1624 3326 1878 3391 comite
1939 3326 2417 3392 decentissime

298 3423 700 3489 collocauit.
806 3425 1207 3504 Laruarica,
1264 3444 1391 3508 pro
1446 3426 1683 3491 dolor!
1748 3425 2074 3491 seductus
2127 3427 2415 3490 cauilla-

299 3524 524 3601 tione,
554 3524 940 3608 uersipellis
971 3526 1456 3609 suasibilisque
1484 3526 2058 3608 tergiuersatione
2084 3526 2415 3608 uiraginis

297 3624 650 3707 pellectus
683 3625 1146 3691 anathematis
1181 3627 1418 3708 alogia
1455 3628 1695 3691 ambro
1732 3645 2014 3709 pomum
2047 3626 2417 3690 momordit

295 3723 627 3801 uetitum,
671 3733 743 3790 et
791 3726 927 3791 sibi
987 3743 1074 3792 ac
1130 3726 1450 3811 posteriS,
1502 3727 1576 3791 in
1634 3725 1765 3790 hoc
1821 3744 2234 3791 aerumnoso
2300 3725 2412 3790 de-

294 3826 528 3890 iectus
580 3826 884 3904 saeculo,
938 3826 1155 3892 letum
1215 3828 1595 3911 promeruit
1654 3834 2086 3909 perpetuum.
2218 3825 2414 3890 Uati·

295 3925 700 3992 cinantibus
726 3926 1062 4008 siquidem
1089 3927 1472 4011 prophetiS,
1500 3934 1573 3992 et
1598 3927 1890 3992 coelitus
1919 3925 2198 4008 superni
2228 3927 2412 4010 regis

293 4025 636 4091 diuturna
687 4026 1114 4093 clandestino
1167 4028 1538 4112 praesagia
1576 4027 1901 4108 dogmate
1943 4028 2414 4109 promentibus

295 4125 521 4191 nitide
591 4126 1022 4206 orthodoxis,
1088 4127 1440 4210 eulogium
1515 4147 1605 4192 ex
1669 4127 1986 4209 supernis
2060 4126 2407 4192 deferens:

297 4246 440 4291 non
501 4234 581 4292 ut
644 4226 1064 4293 Iudaeorum
1125 4229 1456 4294 seditiosa
1515 4227 1789 4308 elingue
1857 4227 2117 4292 fatetur
2166 4227 2409 4311 loqua-

2045 4351 2075 4386 ο
2098 4341 2129 4386 2
