3119 5026
885 452 1230 503 annrAs
1275 454 1514 511 ANGLO
1527 457 1966 509 sAxochn.
2338 441 2469 513 163

1204 710 1613 797 mcccvl.

1025 859 1546 941 AEDELRED,
1591 862 1787 931 1009.

457 1009 543 1092 ›1‹
622 1008 715 1073 ΙΝ
775 1010 1052 1079 nemine
1111 1014 1464 1082 creatricis
1523 1020 1597 1081 et
1650 1014 2123 1083 dominatricis
2176 1022 2461 1085 sanctae

355 1108 690 1197 trinitatis
746 1109 858 1177 dei
906 1111 1421 1195 omnipotentis,
1467 1114 1587 1198 qui
1630 1114 1823 1181 solus
1870 1134 2159 1197 regnum
2206 1114 2465 1182 incom-

351 1210 682 1274 mutabile
739 1219 813 1275 et
873 1212 1392 1295 incorruptibile
1445 1222 1655 1296 atque
1715 1214 2060 1281 ineffabile
2124 1223 2462 1298 perpetua

347 1315 699 1389 potestate
732 1313 1042 1394 possidet
1067 1332 1150 1377 ac
1179 1315 1523 1379 continet!
1602 1314 1757 1396 Ego
1793 1315 2145 1391 AEb‘elred,
2179 1314 2459 1379 Christo

347 1417 720 1489 annuente,
753 1430 882 1475 rex
914 1419 986 1477 et
1028 1414 1456 1495 primicerius
1499 1414 1719 1480 totius
1762 1413 2103 1491 Albionis‚
2142 1416 2458 1497 aliquan-

347 1508 568 1573 tulam
606 1518 831 1576 terrae
873 1513 1406 1595 portiunculam,
1449 1514 1520 1583 id
1559 1522 1693 1592 est,
1729 1516 1937 1578 trium
1969 1516 2097 1578 sub
2128 1516 2455 1578 aestima-

345 1609 532 1674 tione
566 1612 1012 1695 perticarum,
1039 1614 1110 1683 in
1141 1614 1322 1693 loco,
1355 1621 1432 1678 ut
1456 1634 1494 1679 a
1523 1615 1886 1697 gnoscitis,
1917 1614 2217 1679 Hamme
2245 1614 2455 1693 dicto,

344 1729 473 1792 pro
520 1712 823 1776 remedio
867 1714 1139 1777 animae
1184 1734 1377 1779 meae
1416 1715 1506 1779 ad
1552 1715 2116 1779 monasteriolum
2160 1716 2456 1779 sanctis-

343 1809 502 1876 simi
524 1809 744 1889 Petri,
763 1813 1095 1896 principis
1113 1815 1611 1897 apostolorum,
1635 1816 1757 1898 qui
1778 1822 1939 1881 noto
1964 1813 2453 1898 Anelinganye

343 1918 787 1993 nuncupatur
848 1921 1197 1991 onomate,
1265 1915 1354 1983 ad
1418 1916 1975 1999 supplementum
2032 1916 2453 1983 coenobialis

349 2011 540 2079 uitae
578 2010 1012 2083 Christicolis
1060 2016 1190 2081 sub
1223 2012 1518 2083 AElfrico
1572 2018 1823 2084 abbate
1865 2015 2117 2083 ibidem
2163 2016 2293 2083 deo
2338 2016 2455 2081 de-

342 2118 506 2178 uote
555 2112 1018 2183 seruientibus
1063 2114 1360 2184 libenter
1412 2116 1740 2192 concedo,
1796 2123 2141 2200 quatenus
2196 2116 2453 2183 oratio-

345 2231 510 2277 num
547 2231 832 2280 suarum
863 2213 1092 2283 officia
1115 2214 1637 2297 frequentantes
1666 2236 1793 2299 pro
1815 2222 2051 2283 nostra
2074 2214 2452 2297 fragilitate

339 2312 620 2379 enixius
658 2313 1102 2397 interpellare
1135 2316 1470 2383 nitantur.
1565 2316 1657 2384 Et
1692 2316 1821 2381 hoc
1862 2316 2115 2383 donum
2156 2314 2449 2383 liberum

343 2413 432 2479 ab
495 2414 684 2481 omni
751 2415 1092 2483 saeculari
1143 2417 1430 2485 seruitio
1481 2417 2031 2499 perstringimus,
2082 2415 2215 2483 nisi
2269 2415 2449 2485 forte

343 2522 640 2580 cunctae
695 2516 880 2599 plebi
943 2535 1222 2586 necesse
1275 2518 1370 2584 sit
1423 2518 1685 2586 uallum
1736 2524 1861 2588 aut
1918 2517 2176 2584 fossam
2227 2515 2448 2586 hostis

337 2614 640 2680 obiicere
683 2617 1045 2694 exercitui,
1091 2636 1214 2686 seu
1263 2625 1450 2684 certe
1493 2627 1769 2700 pontem
1808 2624 2208 2686 construere
2239 2619 2446 2698 regis,

335 2715 614 2798 regisue
657 2716 1168 2799 expeditionem
1207 2719 1401 2784 inire.
1507 2717 1671 2785 Hoc
1714 2719 1953 2801 itaque
1988 2725 2301 2783 nostrum
2330 2719 2448 2783 de-

337 2823 602 2881 cretum
622 2815 1102 2898 frangentibus
1131 2817 1450 2886 Paradisi
1475 2819 1705 2886 aditus
1736 2818 2113 2900 denegetur
2131 2837 2152 2896 .;
2184 2837 2443 2899 augen-

337 2917 524 2985 tibus
555 2937 724 2985 uero
757 2937 884 2984 rex
922 2938 1165 3001 regum
1205 2919 1641 3000 omnipotens
1684 2918 1944 3000 gaudia
1988 2935 2440 3000 supernorum

331 3019 591 3086 ciuium
640 3017 714 3082 in
765 3017 1052 3084 coelesti
1115 3018 1494 3086 Ierusalem
1545 3019 1879 3085 concedat
1934 3018 2007 3086 in
2064 3026 2437 3086 aeternum.

341 3119 566 3184 Facta
599 3124 707 3184 est
751 3125 982 3188 autem
1021 3119 1193 3185 haec
1235 3117 1551 3202 praefata
1590 3119 1877 3186 donatio
1917 3137 2103 3184 anno
2146 3118 2441 3186 domini-

335 3240 456 3284 cae
487 3219 986 3288 incarnationis
1017 3235 1229 3288 .M.1x.
1268 3219 1643 3288 indictione
1670 3236 1814 3284 ‚vu
1850 3219 2440 3286 consentientibus

334 3319 600 3388 idoneis
657 3320 974 3396 testibus,
1022 3340 1320 3402 quorum
1376 3321 1657 3386 nomina
1714 3321 1961 3386 subtus
2024 3327 2437 3402 praenotata

327 3419 772 3488 cernentibus
807 3419 992 3488 clare
1023 3426 1414 3503 patescunt.

440 3525 521 3605 ›1‹
564 3520 720 3602 Ego
754 3519 1085 3590 AEiselred
1110 3541 1236 3590 rex
1271 3519 1643 3602 singularis
1662 3518 2011 3605 priuilegii
2037 3517 2437 3588 monarchia

333 3622 692 3707 praeditus
725 3619 930 3690 huius
963 3621 1246 3690 indiculi
1276 3621 1701 3689 ,soliditatem
1734 3639 1891 3684 cum
1926 3620 2127 3700 signo
2152 3625 2437 3684 sanctae

333 3723 558 3794 crucis
595 3721 686 3806 >1⁴
725 3721 1190 3790 corroboraui.
1284 3721 1375 3806 ἧς
1424 3721 1577 3802 Ego
1608 3719 1958 3788 ‘AElfheah
2010 3717 2434 3786 Doroberni-

329 3825 509 3893 ensis
545 3821 924 3892 aecclesiae
951 3821 1508 3905 archiepiscopus
1541 3820 1847 3888 eiusdem
1894 3820 2079 3900 regis
2120 3818 2438 3885 donatio-

329 3945 480 3990 nem
531 3942 692 3993 cum
752 3922 1016 3992 uexillo
1070 3922 1270 4004 agiae
1323 3922 1547 3992 crucis
1600 3919 2023 3990 confirmaui.
2150 3917 2241 4002 >1⁴
2282 3918 2437 3998 Ego

327 4025 683 4094 wulfstan
731 4023 1190 4092 Eboracensis
1229 4021 1607 4090 aecclesiae
1662 4019 2221 4101 ‚archiepiscopus
2268 4037 2437 4086 con-

327 4127 506 4190 sensi
537 4131 610 4190 et
645 4121 1046 4206 subscripsi.
1157 4123 1242 4209 νζ(
1282 4123 1434 4204 Ego
1465 4120 1835 4187 AEvelstan
1862 4119 2049 4186 clito,
2155 4118 2246 4203 ἧς
2280 4119 2432 4200 Ego

325 4224 690 4295 Eadmund
708 4223 896 4293 clito.
989 4223 1080 4308 ἧς
1124 4223 1273 4306 Ego
1309 4221 1581 4290 Eadred
1620 4221 1809 4288 clito.
1905 4219 1992 4305 ›1‹
2031 4219 2182 4302 Ego
2217 4218 2431 4287 AElfin

2056 4345 2095 4380 m
2120 4335 2153 4379 2
2284 4360 2291 4367 .
