3119 5026
642 447 730 512 20
1164 464 1511 513 CHARTAE
1565 462 2252 512 ANGLosAxochss.

646 625 863 703 citas3
913 624 1030 688 sed
1075 625 1451 708 priscorum
1489 631 1702 708 atque
1744 621 2223 686 modernorum
2263 617 2754 702 lepidissimam

650 725 959 804 ambiens
1023 724 1438 801 facundiam,
1497 722 1834 787 Arrianas
1899 720 2467 803 Sabellianasque
2523 725 2758 800 prote-

651 825 865 888 rendo
893 824 1177 888 naenias
1206 824 1594 908 anagogico
1619 824 2039 887 infrustrans
2071 821 2348 896 famine,
2378 837 2640 900 nosque
2667 817 2760 880 ab

651 925 929 990 obtunsi
987 927 1322 992 coecitate
1372 925 1822 990 umbraminis
1873 923 1961 986 ad
2017 940 2472 1006 supernorum
2517 917 2767 982 alacri-

653 1027 951 1091 moniam
1014 1026 1589 1110 'patrimoniorum
1658 1025 2033 1100 aduocanS,
2093 1021 2383 1104 angelus
2445 1018 2763 1102 supernis

653 1127 932 1210 elapsus
996 1127 1345 1191 liminibus
1400 1127 1474 1190 in
1529 1146 1766 1190 aurem
1815 1125 2265 1189 intemeratae
2321 1120 2633 1202 uirginiS,
2681 1124 2765 1182 ut

654 1227 1105 1309 euuangelica
1152 1227 1597 1310 promulgant
1623 1227 1905 1304 famina,
1933 1223 2274 1308 stupenda
2302 1221 2630 1286 cecinisse
2663 1219 2765 1281 ui-

654 1327 859 1391 detur
896 1328 1243 1404 carmina3
1294 1327 1405 1391 cui
1449 1327 1789 1392 aecclesia
1820 1332 1996 1402 tota,
2031 1323 2353 1388 uidelicet
2395 1320 2764 1396 catholica,

656 1447 962 1492 consona
996 1448 1171 1493 uoce
1214 1428 1660 1494 altibohando
1707 1426 2116 1510 proclamat,
2148 1431 2169 1460 ‘
2199 1425 2423 1489 Beata
2451 1441 2525 1486 es
2559 1421 2763 1501 uirgo

658 1527 890 1592 Maria
913 1548 1091 1612 quae
1120 1529 1494 1606 credidisti,
1515 1528 1956 1611 perficientur
1984 1527 2054 1590 in
2087 1533 2157 1590 te
2184 1544 2364 1615 quae
2389 1523 2576 1587 dicta
2602 1528 2766 1585 sunt

655 1629 782 1709 tibi
807 1648 850 1692 a
876 1629 1199 1693 domino!
1269 1629 1531 1694 Mirum
1554 1629 1776 1708 dictu!
1813 1629 2212 1692 incarnatur
2230 1626 2541 1700 uerbum,
2567 1629 2639 1686 et
2658 1622 2766 1686 in-

657 1736 1067 1812 corporatur
1102 1729 1365 1808 scilicet
1411 1730 1609 1806 illud,
1653 1729 1739 1794 de
1774 1748 1912 1812 quo
1957 1726 2441 1809 euuangelista
2487 1743 2765 1807 supere-

656 1830 923 1892 minens
980 1830 1461 1908 uniuersorum
1513 1829 1880 1894 altitudine
1937 1847 2261 1892 sensuum
2307 1825 2571 1909 inquit3
2624 1829 2643 1857 ‘
2675 1822 2765 1887 In

657 1930 997 2013 principio
1044 1937 1195 1994 erat
1227 1932 1539 2007 uerbum,
1573 1937 1644 1994 et
1671 1931 1960 1994 uerbum
2003 1936 2152 1993 erat
2200 1927 2382 2012 apud
2438 1926 2664 2002 deum,
2695 1931 2768 1988 et
2805 2008 2810 2010 .

658 2029 829 2093 deus
872 2037 1023 2094 erat
1067 2031 1399 2107 uerbum,’
1434 2037 1507 2094 et
1540 2030 1830 2113 reliqua.
1913 2029 2076 2108 Qua
2121 2029 2446 2092 uidelicet
2489 2032 2769 2108 sumpta

659 2130 745 2194 de
812 2129 1081 2212 uirgine
1130 2131 1602 2195 incarnatione
1643 2131 1973 2214 antiquae
2017 2130 2307 2211 uirginis
2342 2128 2611 2192 facinus
2652 2126 2774 2190 de-

660 2231 895 2307 mitur,
916 2237 987 2294 et
1011 2231 1275 2296 cunctis
1308 2228 1709 2297 mulieribus
1742 2232 1976 2296 nitidis
2011 2231 2418 2314 praecluens
2450 2228 2771 2292 taumati—

661 2332 791 2394 bus
824 2333 1034 2395 decus
1067 2333 1435 2414 irrogatur.
1562 2333 1840 2397 Intacta
1887 2332 2104 2414 igitur
2133 2331 2480 2395 redolente
2512 2328 2772 2393 Christi

662 2431 1049 2508 diuinitate,
1106 2451 1451 2517 passaque
1509 2433 1727 2517 ipsius
1793 2432 2247 2509 humanitate,
2297 2431 2582 2494 libertas
2645 2429 2768 2492 ad-

631 2533 865 2596 dictis
913 2533 1285 2601 clementer
1334 2536 1628 2616 contigit
1662 2535 1977 2598 seruulis.
2083 2534 2270 2597 Hinc
2311 2552 2441 2615 ego
2478 2530 2772 2612 Eadwig

664 2633 1041 2709 altithrono
1109 2635 1670 2699 amminiculante
1718 2634 2132 2717 Anglorum,
2205 2641 2772 2715 caeterarumque

664 2734 972 2815 gentium
1020 2735 1091 2797 in
1146 2735 1433 2800 circuitu
1492 2736 1828 2799 triniatim
1878 2736 2391 2819 persistentium
2444 2733 2770 2810 basileuS,

664 2841 745 2897 ut
799 2834 1003 2899 huius
1058 2835 1397 2900 libertatis
1471 2836 1828 2901 altithroni
1903 2836 2357 2901 moderatoris
2408 2835 2774 2899 clementia

664 2953 929 2999 mercar
960 2935 1268 3017 optinere
1304 2937 1749 3013 consortium,
1781 2938 2112 3002 coenobio
2163 2938 2316 3002 loco
2361 2936 2612 3001 celebri
2653 2935 2771 3017 qui

642 3036 753 3105 ⁴ab
788 3036 992 3111 huius
1038 3036 1401 3118 prosapiae
1446 3036 2202 3103 solicolisAEbbandun
2249 3038 2464 3103 nobili
2506 3056 2772 3100 nuncu—

664 3143 871 3218 patur
901 3137 1242 3200 uocabulo
1286 3137 1519 3215 situm,
1550 3138 2004 3221 genitricique
2037 3135 2311 3203 domini
2331 3138 2552 3202 nostri
2595 3157 2772 3201 sem-

665 3256 788 3318 per
836 3237 1088 3319 uirgini
1127 3237 1418 3315 Mariae,
1454 3258 1720 3303 necnon
1767 3241 1974 3304 beato
2035 3239 2246 3304 Petro
2301 3237 2772 3323 apostolorum

664 3336 959 3419 principi
992 3338 1279 3419 eiusque
1314 3340 1716 3422 coapostolo
1741 3340 1978 3406 ‘Paulo
2026 3339 2416 3405 dedicatum
2459 3340 2772 3416 habetur,

664 3437 1020 3501 monachis
1076 3438 1486 3519 regulariter
1523 3438 1946 3521 'degentibus
1997 3436 2360 3506 monastici
2414 3448 2771 3508 aeternam

666 3536 1009 3621 priuilegii
1046 3539 1343 3603 concedo
1386 3539 1800 3618 libertatem,
1838 3540 2179 3624 quatenus
2231 3549 2390 3625 post
2419 3538 2772 3606 decessum

668 3638 1115 3702 AE‘6eluuoldi
1174 3641 1447 3705 abbatis
1504 3642 1792 3723 egregii,
1855 3643 2053 3707 cuius
2121 3643 2544 3725 temporibus
2603 3642 2775 3705 haec

665 3737 1007 3803 libertatis
1098 3743 1513 3805 restauratio
1598 3741 1874 3807 Christo
1945 3742 2369 3825 suffragante
2445 3739 2779 3807 concessa

570 3885 574 3889 >
666 3844 797 3914 est,
829 3858 1033 3920 quem
1064 3840 1195 3903 sibi
1242 3840 1568 3906 uniuersa
1617 3843 1914 3925 praefati
1966 3844 2280 3909 coenobii
2325 3838 2778 3926 congregatio

668 3945 834 4022 apto
866 3938 1154 4021 elegerit
1199 3942 1509 4019 consili0,
1542 3943 1917 4007 secundum
1952 3941 2305 4027 regularia
2336 3944 2519 4009 beati
2558 3945 2778 4008 Bene-

668 4038 831 4102 dicti
866 4038 1207 4117 instituta,
1243 4043 1588 4120 abbatem,
1621 4042 1802 4108 iuste
1833 4065 1919 4109 ex
1947 4040 2514 4110 eodem'fratrum
2556 4032 2776 4110 cuneo

668 4139 931 4220 eligens
965 4143 1370 4207 constituat.
1475 4144 1712 4208 Huius
1746 4142 2090 4227 priuilegii
2129 4145 2412 4209 libertas
2453 4142 2780 4230 deinceps

671 4260 798 4303 usu
843 4250 1177 4325 perpetuo
1222 4262 1263 4307 a
1311 4240 1580 4309 cunctis
1618 4254 1934 4311 teneatur
1967 4247 2350 4324 catholicis,
2386 4267 2510 4311 nec
2546 4254 2779 4313 extra-
