3119 5026
789 459 1137 507 cnutus
1181 456 1876 507 Anemsaxomcan.
2252 440 2386 505 109

986 712 1648 779 ΜοοωζΧνΠ.ι

768 864 808 905 *
836 831 1441 945 EXDWEARD,
1473 866 1689 929 about
1719 866 1879 933 97⁷.

374 1018 455 1099 ᾧ
510 1014 955 1081 Coumamsr
1016 1034 1145 1081 nos
1204 1032 1445 1107 sacrae
1505 1015 1942 1079 auctoritatis
2010 1018 2380 1100 scriptura,

277 1116 529 1194 dicenS,
561 1122 583 1151 ‘
610 1114 865 1179 Nudus
910 1134 1229 1199 egressus
1276 1134 1431 1179 sum
1480 1135 1572 1179 ex
1621 1122 1820 1180 utero
1870 1117 2114 1181 matris
2161 1137 2383 1195 meae,

279 1223 341 1281 et
370 1216 605 1281 nudus
636 1222 952 1281 reuertar
992 1215 1159 1281 illuc
1182 1216 1232 1295 3’
1284 1221 1355 1279 et
1388 1216 1664 1292 iterum,
1701 1221 1724 1253 ‘
1747 1215 1985 1280 Nichil
2017 1216 2382 1281 intulimus

278 1316 339 1379 in
367 1316 557 1381 bunc
586 1315 945 1393 mundum,
980 1335 1218 1381 uerum
1255 1334 1385 1380 nec
1418 1316 1508 1379 ab
1548 1335 1631 1380 eo
1681 1316 2148 1399 auferrequid
2183 1323 2400 1400 pote-.

277 1410 527 1480 rimus!
636 1415 1082 1498 Quapropter
1114 1416 1361 1479 lubrici
1390 1422 1793 1497 potentatus
1837 1436 1975 1481 non
2001 1416 2380 1496 immemor,

279 1536 399 1597 ego
446 1516 866 1593 Eadweard,
904 1515 1185 1581 Christo
1226 1515 1620 1581 conferente
1671 1536 1794 1581 rex
1839 1524 1910 1581 et
1953 1518 2386 1600 primicerius

279 1618 497 1683 tocius
566 1615 909 1693 Albionis,
974 1616 1173 1697 regni
1238 1616 1608 1697 fastigium·
1672 1615 1914 1681 humili
1980 1618 2384 1699 praesidens

281 1716 528 1794 animo,
583 1716 672 1780 ob
722 1716 1342 1781 remunerationem
1386 1716 1666 1782 maioris
1711 1716 2025 1799 praemii,
2070 1718 2388 1800 aliquan-

283 1817 495 1881 talam
529 1816 712 1881 ruris
752 1816 1165 1898 particulam
1204 1833 1351 1880 ΝΠ.
1396 1824 1871 1899 comparatam
1911 1819 2228 1895 cassati-⁶3,
2273 1818 2388 1882 cui

282 1916 697 1981 uocabulum
748 1923 938 1981 certa
988 1916 1481 1999 astipulatione
1538 1916 1964 1999 Cingestune
2015 1918 2388 2000 profertur,

282 2017 363 2081 ad
398 2016 809 2082 aecclesiam
844 2017 1093 2082 beatae
1125 2016 1417 2093 Mariae,
1450 2017 1806 2099 genitricis
1837 2018 1950 2082 dei
1999 2036 2082 2082 ac
2131 2017 2390 2082 domini
2469 2032 2473 2037 ·

284 2118 500 2181 nostri
532 2116 747 2181 Ihesu
793 2115 1079 2193 Christi,
1108 2116 1180 2179 in
1226 2117 1379 2181 loco
1414 2118 1533 2199 qui
1567 2118 1822 2182 dicitur
1847 2115 2266 2194 Abbandun,
2299 2118 2388 2182 ad

284 2236 445 2281 usus
480 2209 736 2283 ibidem
766 2216 1057 2287 fratrum
1088 2216 1221 2281 deo
1256 2217 1702 2282 seruientium
1737 2217 2032 2299 libenter
2065 2217 2392 2296 concedo,

284 2318 655 2382 obsecrans
705 2323 778 2381 et
816 2316 1246 2399 praecipiens
1293 2316 1364 2380 in
1416 2318 1693 2382 nomine
1729 2316 2015 2394 Christi,
2057 2325 2138 2381 ut
2187 2336 2392 2382 nemo

283 2436 757 2482 successorum
792 2423 1185 2482 nostrorum
1216 2417 1589 2500 superioris
1621 2417 1734 2481 uel
1765 2416 2106 2481 inferioris
2134 2418 2392 2497 gradus

286 2518 413 2583 hoc
454 2524 739 2584 nostrae
782 2517 1173 2583 deuotionis
1222 2517 1478 2582 donum
1530 2517 1766 2602 aliquo
1814 2518 2220 2583 temeritatis
2264 2519 2392 2582 ali-

287 2625 629 2701 quatenus
685 2618 1023 2686 instinctu
1076 2617 1483 2701 disrumpat.
1577 2618 1685 2682 Sit
1747 2625 1976 2682 autem
2041 2619 2396 2702 praedicta

287 2719 517 2794 telluS,
570 2737 780 2801 quam
841 2738 974 2801 ego
1022 2736 1177 2781 cum
1232 2737 1572 2783 consensu
1623 2718 2034 2801 optimatum
2084 2738 2394 2783 meorum

285 2818 602 2901 praefato
635 2817 929 2900 largitus
976 2837 1126 2883 sum
1160 2819 1513 2896 coenobio,
1550 2820 1639 2882 ab
1675 2818 1862 2882 omni
1903 2826 2210 2882 terrenae
2245 2837 2392 2882 ser-

289 2919 537 2984 uitutis
583 2919 750 3001 iugo
790 2918 1033 3000 libera,
1079 2918 1297 2984 tribus
1344 2918 1449 2984 his
1492 2919 1828 3002 exceptis,
1876 2924 2030 2982 rata
2074 2917 2397 2984 uidelicet

284 3018 754 3102 expeditione,
820 3018 1053 3100 pontis
1126 3019 1397 3084 arcisue
1464 3019 1991 3083 restauratione.
2097 3018 2172 3082 Si
2239 3019 2398 3101 quis

284 3127 543 3198 autem,
574 3119 919 3184 laruarico
951 3117 1319 3183 instinctus
1355 3118 1628 3203 spiritu,
1674 3119 1805 3184 boc
1838 3119 2092 3184 donum
2130 3119 2392 3184 uiolare

282 3220 745 3284 immutareue
810 3225 1429 3302 praesumptuosus
1480 3219 1947 3302 temptauerit,
2003 3218 2138 3283 nisi
2188 3219 2400 3302 digna

286 3319 770 3385 satisfactione
849 3326 1010 3383 ante
1090 3319 1351 3383 obitum
1431 3337 1633 3382 suum
1715 3337 1872 3382 reus
1952 3319 2398 3402 poenituerit,

290 3421 591 3484 aeternis
618 3418 933 3508 barathri
952 3425 1342 3501 prostratus
1375 3417 1708 3483 incendiis
1736 3439 1893 3482 cum
1928 3418 2108 3482 Iuda
2140 3418 2401 3484 Christi

292 3519 645 3602 proditore
696 3519 1139 3584 aeternaliter
1186 3519 1502 3600 lugubris
1552 3518 1900 3602 puniatur.
2009 3520 2145 3584 His
2197 3520 2398 3583 metis

292 3620 685 3702 praefatum
737 3637 857 3683 rus
909 3618 1022 3682 hic
1065 3618 1224 3683 inde
1272 3627 1580 3702 gyratur.
1677 3618 1808 3686 Dis
1861 3619 2012 3684 sind
2049 3625 2147 3684 ’Sa
2199 3619 2396 3682 land-

294 3711 599 3802 gemffiro
626 3739 806 3784 aecer
836 3719 1052 3784 under
1078 3739 1315 3784 aecere.
1395 3719 1634 3784 AErest
1659 3719 1743 3784 of
1764 3719 2032 3784 Eccene
2058 3737 2149 3782 on
2181 3708 2400 3782 mere-

294 3823 496 3904 porn3
552 3820 638 3884 of
681 3811 1074 3906 mereporne
1130 3838 1222 3884 on
1264 3823 1358 3886 &a
1410 3809 1963 3898 he‘afodaeceras3
2012 3824 2252 3883 ’Sanun
2311 3838 2426 3907 on-

296 3919 657 4002 Swanesig
726 3940 813 3985 on
874 3925 1060 3985 ’Sone
1120 3918 1389 3984 ealdan.
1437 3907 1660 3999 g‘aran
1719 3917 2264 3999 middewearde3
2334 3917 2412 3982 of

294 4008 457 4094 'fiam
486 4020 736 4089 ealdan
788 4008 1010 4102 g‘aran
1055 4019 1364 4102 andlang
1395 4019 1535 4083 riht
1569 4009 1904 4101 gemaeres
1933 4038 2024 4083 on
2057 4018 2406 4084 AElfredes

373 4176 389 4205 ¹
422 4180 516 4230 See
550 4181 638 4230 the
668 4179 771 4230 last
796 4179 1015 4230 charter.
1088 4179 1348 4240 Probably
1371 4178 1456 4228 the
1486 4179 1609 4229 land
1643 4179 1855 4242 granted
1881 4183 1934 4228 to
1958 4179 2174 4230 AElfstan
2197 4195 2308 4232 was
2339 4181 2410 4242 by

301 4247 409 4300 him
426 4251 479 4300 in
499 4253 617 4314 part
638 4250 911 4315 regrantod
932 4255 987 4300 to
1009 4249 1301 4312 Abingdon.
