3119 5026
840 428 1185 477 cunm-As
1232 428 1572 478 AnonosA
1584 429 1926 480 xorquB.
2317 411 2448 477 105

335 585 420 666 ›1‹
465 585 617 667 Ego
652 634 669 650 .
702 584 941 669 Osgar
974 633 993 650 .
1020 586 1179 651 abb.
1402 595 1409 599 '
1501 588 1584 669 ›1‹
1629 585 1782 667 Ego
1817 634 1834 652 .
1861 583 2074 649 Oslac
2107 632 2122 646 .
2154 584 2324 649 dux.

330 686 419 767 ›1‹
459 686 613 767 Ego
646 732 665 750 .
698 687 1009 769 aesselgar
1040 686 1197 751 abb.
1496 687 1578 767 ›1‹
1619 685 1773 769 Ego
1805 731 1824 749 .
1855 685 2253 771 aspelweard
2284 732 2302 750 .
2326 684 2420 749 fii.

433 786 520 870 »Β
560 786 717 867 Ego
750 834 769 851 .
804 785 1071 869 aelfsige
1108 832 1125 848 .
1156 786 1251 855 iii.

432 885 521 970 ›1‹
560 886 714 967 Ego
750 934 769 949 .
796 885 1146 952 aelfweard
1181 933 1197 949 .
1231 885 1320 949 ffi.

441 988 518 1067 ›1‹
562 985 719 1068 Ego
756 1033 773 1049 .
810 986 1119 1069 byrhtric
1152 1033 1171 1049 .
1204 985 1293 1051 ffi.

439 1084 525 1169 »Β
565 1085 719 1167 Ego
755 1134 772 1150 .
803 1086 1123 1151 leofwinc
1154 1134 1171 1151 .
1200 1084 1288 1151 fii.

441 1187 520 1268 ›1‹
568 1185 723 1268 Ego
757 1234 773 1249 .
808 1186 1057 1253 eanulf
1080 1234 1097 1253 .
1132 1186 1221 1252 ffi.

1110 1388 1650 1458 Mccnxxv.

987 1539 1027 1579 ⁸
1063 1512 1505 1619 niman,
1548 1539 1702 1605 978.

436 1694 525 1779 ›1‹
566 1692 982 1758 REGNANTE
1025 1690 1098 1755 in
1151 1691 1584 1775 perpetuum*
1618 1690 1898 1755 domino
1945 1699 2182 1757 nostro
2233 1693 2442 1759 Ihesu

326 1792 637 1871 Christo,
668 1812 937 1859 summo
970 1793 1105 1875 [et]
1141 1791 1472 1857 ineffabili
1498 1811 1726 1855 rerum
1759 1798 2070 1856 creatore
2099 1813 2180 1858 ac
2212 1795 2442 1859 mode-

326 1902 565 1959 ratore
600 1892 933 1971 omnium,
966 1901 1419 1976 temporaque
1462 1911 1592 1956 sua
1633 1890 2040 1958 multimodo
2072 1893 2444 1977 disponens

324 1995 761 2078 temporibus
791 1994 1171 2078 potentiam
1202 2001 1285 2059 ut
1310 1993 1612 2057 uoluerit
1655 1993 1862 2057 finem
1903 1992 2236 2077 imponet,
2273 2003 2342 2060 et
2371 1997 2444 2059 in

316 2095 462 2159 hac
511 2096 663 2161 uita
722 2094 1130 2177 degentibus
1192 2094 1461 2159 cunctis
1504 2094 1785 2157 'certum
1850 2101 1930 2158 ut
1987 2105 2444 2179 proposuerat

323 2196 599 2261 dierum
633 2196 1001 2259 terminum
1035 2195 1433 2259 constituet.
1536 2193 1982 2277 Quapropter
2009 2215 2142 2277 ego
2165 2194 2448 2279 Eadgar

328 2296 555 2362 totius
593 2292 1030 2360 Brittanniae
1074 2295 1403 2373 basileuS,
1430 2294 1780 2376 quandam
1811 2296 1992 2359 ruris
2030 2296 2442 2377 particulam

332 2414 429 2461 Ν.
467 2395 794 2461 uidelicet
831 2402 1171 2473 cassatus,
1206 2395 1277 2458 in
1316 2394 1473 2459 loco
1503 2395 1625 2477 qui
1647 2394 1902 2461 celebri
1937 2402 2028 2460 aet
2061 2395 2445 2462 Hamstede

330 2498 783 2582 nuncupatur
842 2495 1209 2574 uocabulo,
1256 2494 1532 2562 cuidam
1589 2495 1902 2562 ministro
1965 2496 2133 2561 mihi
2187 2498 2444 2581 oppido

331 2599 526 2662 fideli
555 2598 677 2681 qui
718 2599 806 2662 ab
839 2597 1127 2662 huiusce
1160 2597 1427 2680 patriae
1462 2596 1796 2679 gnosticis
1831 2597 2045 2662 nobili
2089 2598 2446 2681 Mangoda

328 2698 737 2782 appellatur
788 2705 1134 2776 onomate,
1192 2717 1317 2780 pro
1382 2698 1716 2779 obsequio
1771 2698 1922 2763 eius
1977 2697 2445 2779 deuotissimo,

326 2807 679 2883 perpetua
707 2798 1001 2880 largitus
1030 2817 1183 2862 sum
1215 2798 1662 2874 haereditate,
1691 2805 1770 2862 ut
1799 2799 1973 2882 ipse,
1995 2799 2144 2863 uita
2171 2800 2447 2881 comite,

328 2919 498 2964 cum
560 2897 878 2965 omnibus
955 2899 1389 2976 utensilibus,
1454 2898 1674 2980 pratis
1735 2897 2078 2980 uidelicet,
2145 2897 2446 2983 pascuiS,

310 2999 564 3077 siluis,
610 3000 756 3064 uoti
810 3018 1092 3082 compos
1142 2998 1433 3074 habeat3
1511 3006 1582 3063 et
1634 3006 1797 3082 post
1845 2999 2034 3064 uitae
2085 3019 2254 3065 suae
2305 3010 2445 3067 ter-

332 3101 604 3165 minum
665 3098 1213 3182 quibuseumque
1264 3099 1564 3164 uoluerit
1609 3099 2019 3166 cleronomis
2075 3100 2446 3169 immunem

330 3200 797 3281 derelinquat.
885 3199 992 3265 Sit
1034 3207 1264 3264 autem
1306 3199 1732 3282 praedictum
1767 3219 1886 3264 rus
1919 3201 2106 3265 omni
2135 3209 2449 3268 terrenae

326 3301 701 3366 seruitutis
744 3301 909 3382 iugo
942 3300 1257 3377 liberum,
1302 3301 1525 3366 tribus
1565 3302 1902 3384 exceptiS,
1933 3309 2088 3366 rata
2124 3303 2446 3372 uidelicet

330 3401 808 3492 expeditione,
869 3400 1104 3483 pontis
1168 3401 1438 3465 arcisue
1503 3403 2029 3468 restauratione.
2150 3402 2226 3468 Si
2295 3405 2448 3488 quis

332 3503 561 3585 igitur
591 3501 770 3565 hanc
814 3508 1121 3565 nostram
1156 3500 1598 3566 donationem
1629 3503 1702 3566 in
1734 3502 1922 3566 aliud
1953 3503 2162 3586 quam
2193 3508 2448 3570 consti-

332 3603 603 3668 tuimus
650 3601 1024 3666 transferre
1056 3601 1376 3680 voluerit,
1424 3602 1742 3684 priuatus
1785 3604 2134 3670 consortio
2168 3607 2449 3672 sanctae

330 3704 449 3768 dei
483 3703 881 3778 aecclesiae,
908 3703 1205 3768 aeternis
1235 3702 1546 3767 barathri
1574 3703 1906 3768 incendiis
1933 3703 2246 3786 lugubris
2271 3705 2452 3788 iugi.

334 3813 449 3870 ter
503 3823 659 3868 cum
717 3801 900 3867 Iuda
945 3801 1204 3867 Christi
1258 3803 1612 3886 proditore
1668 3804 1952 3886 eiusque
2001 3805 2446 3885 complicibus

338 3905 698 3989 puniatur,
750 3905 811 3967 si
874 3924 1013 3969 non
1073 3903 1547 3968 satisfactione
1593 3903 2060 3968 emendauerit
2117 3924 2446 3988 congrua,

338 4005 531 4088 quod
582 4011 829 4069 contra
883 4012 1197 4069 nostrum
1247 4004 1540 4087 deliquit
1589 4004 1957 4069 decretum.
2066 4003 2201 4070 His
2248 4011 2449 4074 metis

338 4106 732 4188 praefatum
764 4125 884 4168 rus
907 4104 1064 4169 hinc
1096 4105 1252 4168 inde
1284 4112 1594 4188 gyratur.
1671 4105 1804 4171 Dis
1833 4104 2097 4188 syndon
2125 4111 2220 4171 ’Sa
2253 4109 2448 4174 land-

337 4197 647 4288 gemffera
697 4195 773 4270 t6
831 4196 1239 4272 Hfimstede.
1346 4205 1448 4270 Of
1494 4204 1899 4287 Sandgatan
1955 4197 2091 4271 sihi
2145 4209 2449 4292 andlang
