3119 5026
853 447 1198 498 cutinus
1250 447 1867 498 Anonosaxomm
1878 451 1937 499 s.
2314 434 2441 498 121

325 601 677 687 AEscuuig
711 603 1078 688 episcopus
1105 605 1435 672 conclusi.
1541 607 1630 695 »F
1655 605 1812 690 Ego
1837 606 2043 689 Signi·
2069 608 2437 691 episeopus

327 703 757 788 subscripsi.'
826 706 914 794 »F
958 705 1112 788 Ego
1146 706 1394 772 AElfrie
1422 707 1795 791 episcopus
1836 727 1971 772 non
2009 709 2231 774 renui.
2343 710 2426 791 »F

327 803 484 886 Ego
505 801 867 887 AEiielsige
895 806 1266 890 episeopus
1299 807 1645 890 impressi.
1754 808 1841 892 »F
1868 805 2023 890 Ego
2052 805 2437 892 Uulfgarus

327 904 698 988 episcopus
731 904 1082 988 adquieui.
1169 907 1257 995 »F
1288 907 1454 989 Ego·
1473 907 1893 973 AE’Geluuine
1924 908 2090 974 dux.
2164 910 2251 994 »F
2278 907 2437 991 Ego

329 1002 692 1087 Bryhtnoii
723 1005 892 1071 dux.
1006 1007 1084 1087 »F
1131 1003 1284 1090 Ego
1341 1005 1813 1074 ffleluueaffl
1858 1007 2027 1074 dux.
2080 1021 2099 1072 J
2137 1010 2225 1098 »F
2278 1009 2438 1091 Ego

332 1104 582 1170 AElfrie
624 1106 794 1172 dux·
905 1103 994 1190 »F
1033 1106 1188 1188 Ego
1239 1105 1481 1174 Dured
1524 1107 1690 1172 dux.
1786 1105 1875 1192 »F
1908 1107 2061 1190 Ego
2103 1108 2435 1174 Ordbriht

326 1206 566 1270 abbas.
681 1209 762 1289 »F
813 1205 966 1293 Ego
1003 1204 1182 1272 Sirio
1221 1208 1457 1274 abbas.
1555 1208 1643 1293 »F
1678 1207 1834 1288 Ego
1874 1206 2147 1274 Leofrie
2192 1210 2433 1275 abbas.

331 1305 418 1389 »F
461 1305 620 1388 Ego
648 1305 910 1370 AElfere
937 1307 1176 1370 abbas.
1244 1308 1331 1392 »F
1362 1308 1516 1392 Ego
1535 1307 2006 1374 AE’6eluueard
2034 1310 2275 1374 abbas.
2339 1307 2428 1394 »F

329 1405 486 1488 Ego
547 1405 850 1489 AElfsige
907 1406 1242 1472 minister.
1356 1411 1434 1491 »F
1497 1407 1657 1491 Ego
1726 1407 2047 1491 Uulfsige
2098 1409 2431 1474 minister.

334 1505 421 1589 »F
477 1505 635 1588 Ego
681 1506 958 1588 AElfgar
1008 1508 1342 1572 minister.
1441 1510 1519 1590 »F
1580 1508 1733 1590 Ego
1792 1509 2151 1590 AE’selsige
2200 1509 2438 1574 minis-

327 1611 453 1670 ter.
571 1608 649 1688 »F
697 1607 850 1690 Ego
897 1607 1144 1674 AElffic
1195 1609 1530 1674 minister.
1642 1608 1729 1692 »F
1768 1607 1924 1690 Ego
1983 1609 2255 1674 Leosrie
2305 1611 2431 1673 mi-

329 1705 564 1770 nister.
667 1708 746 1791 »F
814 1707 967 1790 Ego
999 1707 1340 1774 AElfhelm
1385 1709 1720 1773 minister.
1830 1708 1917 1793 »F
1954 1709 2108 1790 Ego
2163 1708 2437 1774 Uulfric

327 1806 663 1872 minister.
761 1808 848 1892 »F
885 1807 1038 1891 Ego
1071 1808 1404 1876 Leosstan
1437 1809 1776 1874 minister.
1889 1808 1968 1891 »F
2014 1809 2168 1892 Ego
2184 1808 2432 1874 AE’Gel·

326 1926 496 1971 maer
529 1906 861 1973 minister.

1054 2124 1725 2193 MCCLXXXIV.

891 2273 1420 2353 AEDELRED,
1465 2277 1681 2344 about
1710 2275 1862 2341 988.

438 2410 519 2490 »F
579 2408 994 2473 Rucuma.-
1049 2408 1494 2472 aeternaliter
1535 2409 1889 2474 saluatore
1934 2414 2173 2473 nostro
2220 2406 2433 2472 Ihesu

326 2508 652 2575 Christo!
778 2506 1066 2573 Cunctis
1128 2507 1346 2591 liquet
1409 2501 1801 2575 hominibus
1861 2509 2047 2593 quod
2112 2529 2197 2573 ea
2255 2529 2435 2592 quae

323 2611 658 2675 uidentur
695 2608 815 2673 fini
861 2616 1026 2674 sunt
1068 2609 1392 2687 obnoxia,
1427 2614 1613 2692 quae
1658 2617 1889 2675 autem
1932 2630 2072 2674 non
2118 2608 2439 2674 uidentur

323 2709 942 2776 incommutabilia.
1033 2708 1483 2793 Quapropter
1517 2728 1653 2792 ego
1686 2710 2121 2787 fflelreduS,
2168 2726 2294 2774 rex
2330 2720 2435 2775 to-

323 2813 476 2876 cius
519 2810 790 2874 insulae
835 2808 1261 2887 Britanniae,
1304 2810 1653 2892 quandam
1694 2809 1875 2875 ruris
1914 2810 2323 2893 portionem,
2366 2812 2439 2875 in

322 2912 482 2977 loco
564 2910 686 2974 illo
751 2910 872 2992 qui
933 2910 1022 2974 ab
1086 2909 1329 2975 incolis
1399 2909 1649 2975 Uuikess
1704 2915 2166 2994 nuncupatur,
2220 2921 2437 2993 prope

323 3011 657 3077 uidelicet
717 3009 1024 3074 insulam·
1079 3008 1164 3073 de
1231 3009 1594 3087 Portland,
1646 3010 1919 3075 cuidam
1987 3010 2192 3074 michi
2254 3008 2441 3074 fideli

324 3112 650 3177 ministro
683 3110 956 3174 nomine
985 3107 1260 3187 Atsere,
1286 3109 1358 3174 in
1391 3118 1747 3175 aeternam
1778 3111 2285 3195 possessionem
2320 3110 2439 3175 do-

323 3213 518 3290 naui,
551 3219 632 3276 ut
661 3211 915 3275 habeat
941 3216 1012 3275 et
1035 3211 1392 3293 possideat
1418 3210 1749 3294 quamdiu
1779 3211 2001 3287 uiuat,
2030 3230 2185 3275 cum
2218 3212 2439 3275 omni-

327 3316 462 3379 bns
481 3312 590 3395 ‘ad
625 3330 702 3376 se
735 3311 870 3376 rite
905 3312 1410 3394 pertinentibus
1440 3310 1909 3395 appendiciis3
1955 3316 2027 3374 et
2057 3318 2220 3393 post
2251 3311 2443 3377 uitae

327 3433 501 3479 suae
537 3412 906 3479 terminum
929 3412 1338 3495 cuicumque
1363 3412 1664 3477 uoluerit
1694 3412 1768 3475 in
1800 3409 2215 3496 perhennem
2240 3411 2439 3476 dere-

326 3515 607 3597 linquat
649 3511 1165 3577 haereditatem.
1287 3512 1394 3576 Sit
1437 3519 1671 3576 autem
1714 3511 2143 3594 praedictum
2188 3530 2309 3576 rus
2352 3511 2443 3574 ab

329 3614 524 3680 omni
555 3618 870 3677 terrenae
903 3612 1264 3676 seruitutis
1299 3611 1464 3693 iugo
1499 3611 1815 3689 liberum,
1851 3612 2161 3692 exceptis
2194 3605 2442 3686 tribus,

331 3713 800 3799 expeditione,
830 3713 1060 3795 pontis
1093 3711 1364 3775 arcisue
1397 3712 1928 3801 constructione.
2018 3709 2093 3774 Si
2126 3710 2282 3791 quis
2310 3710 2443 3792 igi-

333 3822 454 3881 tur
479 3814 664 3878 hanc
694 3819 1005 3877 nostram
1033 3812 1470 3876 donationem
1515 3810 1589 3875 in
1631 3810 1817 3875 aliud
1851 3829 2058 3893 quam
2090 3810 2444 3874 constitui·-

335 3920 494 3981 mus
543 3913 945 3990 transferre,
977 3912 1087 3975 uel
1134 3912 1222 3975 de
1257 3930 1340 3976 ea
1379 3910 1643 3994 aliquid
1685 3910 1991 3975 minuere
2044 3922 2444 3993 praesumpa

333 4015 532 4092 serit,
579 4021 904 4078 aeternae
945 4011 1414 4075 maledictioni
1466 4012 1849 4087 subiaceat,
1886 4018 1956 4073 et
1991 4009 2443 4073 infernalibus

336 4114 672 4180 incendiis
709 4131 864 4176 cum
903 4111 1085 4176 Iuda
1117 4110 1378 4176 Christi
1408 4111 1759 4193 proditore
1798 4110 2057 4191 iugiter
2096 4110 2448 4191 puniatur,

339 4215 473 4281 nisi
527 4213 1006 4280 satisfactione
1048 4212 1394 4293 condigna
1445 4210 1917 4276 emendauerit
1962 4209 2148 4291 quod
2206 4216 2450 4274 contra
