3119 5026
833 448 1179 500 cffluiun
1222 451 1918 505 AncmsAxochn.
2297 440 2430 504 155

313 590 673 669 Wulfstfin
711 606 1203 693 archebisceop
1220 611 1375 677 .and
1418 609 1672 695 Lyflng
1705 613 1986 695 bisceop
2015 614 2150 677 and
2187 613 2430 679 AEb'el-

314 692 415 765 ric
460 702 743 787 bisceop
788 707 924 772 and
966 708 1279 775 AEiielsie
1329 711 1611 795 bisceop
1655 713 1793 778 and
1847 701 2108 779 Efidric
2155 714 2426 779 ealdor-

311 821 471 867 man
524 805 658 867 and
705 796 1091 873 AEvelmffir
1130 809 1531 875 ealdorman
1575 813 1716 877 and
1755 812 2137 878 AEvselfand
2175 812 2428 879 AEnel·

311 892 538 967 meres
566 923 777 983 sunu,
802 907 937 971 and
975 898 1323 974 Lefifsuna
1356 911 1586 976 abbud
1631 920 1726 977 aet
1757 911 2030 991 Gen-nel,
2061 913 2200 979 and
2233 914 2421 978 AElf-

312 1009 427 1081 get
458 1001 804 1085 Hengves
828 1026 1011 1071 sunu
1042 1009 1180 1073 and
1215 1009 1501 1075 Siwaerd
1532 1013 1670 1076 and
1699 1003 2014 1078 Brihtric
2047 1002 2260 1077 re‘ada
2287 1014 2424 1077 and

310 1101 484 1167 ealle
526 1108 625 1167 §a
664 1105 966 1171 ildostan
1009 1112 1289 1195 paegnas
1337 1130 1429 1175 on
1475 1111 1851 1177 Dorsaeton
1887 1112 2021 1175 and
2064 1112 2424 1179 Ealdwine

311 1191 548 1282 prefist
607 1206 743 1269 and
807 1199 1110 1273 Wulfric
1172 1202 1413 1291 prcfist
1468 1212 1608 1275 and
1673 1202 1989 1277 L6fwine
2053 1213 2426 1295 aefflelinges

310 1300 593 1418 disfflen
625 1304 763 1369 and
800 1306 1071 1390 AElfget
1096 1311 1231 1374 and
1264 1310 1605 1375 AElfwerd
1640 1312 1748 1376 his
1775 1303 2052 1377 cnibtas
2079 1314 2212 1377 and
2247 1313 2426 1377 ealle

306 1406 389 1469 ve
420 1408 697 1486 geofflre
726 1406 919 1476 hired
951 1427 1131 1474 men.

1257 1595 1489 1607 —..-

1159 1706 1585 1774 Mocclll.

1008 1852 1527 1935 AEDELRED,
1575 1856 1767 1921 1007.

416 2004 497 2084 ›1‹
545 2000 827 2067 Honos
860 2008 931 2069 et
964 2001 1189 2083 gloria
1218 2004 1527 2070 omnium
1557 2004 1897 2071 conditori
1928 2011 2425 2080 creaturarum,

312 2103 429 2184 qui
459 2122 591 2185 pro
624 2120 796 2184 pace
826 2101 1142 2169 caritatis
1180 2102 1282 2169 sic
1316 2101 1697 2171 humanum
1741 2106 1832 2171 ab
1871 2105 2164 2171 inuicem
2206 2125 2424 2187 genus

312 2202 692 2285 separauit,
762 2209 841 2268 ut
904 2209 1049 2269 tam
1102 2203 1291 2269 serui
1350 2222 1561 2286 quam
1618 2205 1900 2282 domini,
1961 2212 2106 2271 tam
2167 2205 2426 2273 subditi

312 2320 523 2384 quam
586 2300 905 2385 praelati,
968 2321 1094 2385 per
1144 2303 1384 2369 mundi
1452 2301 1782 2371 terminos
1839 2305 2045 2371 simul
2105 2304 2428 2371 adessent

311 2401 641 2479 mansuri,
674 2408 1053 2484 tantaeque
1082 2403 1443 2469 caritatem
1473 2404 1856 2471 dulcedinis
1880 2402 2308 2471 dominorum
2343 2425 2426 2471 ac

312 2501 783 2584 praelatorum
835 2502 1155 2570 cordibus
1207 2503 1581 2582 inmiscuit,
1638 2512 1722 2577 ut,
1765 2504 2080 2574 seruulos
2134 2525 2216 2572 ac
2259 2506 2422 2572 sub-

315 2602 503 2667 ditos
551 2608 793 2685 utpote
844 2604 1165 2686 proprios
1216 2604 1583 2688 diligerent
1637 2605 1908 2670 filiolos.
2037 2605 2240 2670 Unde
2293 2625 2424 2686 ego

318 2701 745 2770 AEsselredus
766 2701 1155 2786 Anglorum
1186 2723 1334 2780 rex,
1360 2711 1605 2772 notum
1633 2705 1844 2772 affore
1873 2705 2079 2788 cupio
2110 2706 2424 2770 omnibus

316 2801 663 2885 Anglicae
725 2803 899 2870 fines
963 2804 1269 2885 regionis
1332 2805 1882 2888 cuicumquaque
1942 2804 2426 2882 incolentibus,

316 2902 506 2985 quod
552 2902 833 2986 quidam
876 2922 1094 2979 meus,
1138 2903 1463 2970 uidelicet
1502 2924 1698 2972 meus
1731 2904 2190 2988 praepositus,
2235 2904 2423 2970 claro

320 3001 601 3084 AElfgar
662 3002 1011 3071 uocitatus
1082 3004 1383 3080 nomine,
1442 3023 1636 3071 meae
1697 3006 2056 3072 obtutibus
2123 3003 2422 3070 occurrit

318 3101 778 3185 praesentiae,
826 3111 1071 3184 petens
1116 3103 1249 3169 sibi
1294 3120 1477 3170 ,vua
1528 3104 1769 3186 largiri
1815 3123 2092 3172 mansos
2136 3104 2210 3170 in
2268 3104 2423 3172 loco

318 3205 439 3288 qui
491 3201 794 3284 Anglica
835 3203 1089 3270 dicitur
1142 3204 1609 3286 appellatione
1658 3213 1752 3272 aet
1806 3205 2228 3281 Wealtham,
2275 3205 2428 3271 auri

318 3322 601 3385 quoque
630 3302 902 3386 pondus
948 3302 1307 3370 rubicundi
1344 3305 1754 3387 argentique
1789 3324 2039 3372 munus
2079 3305 2428 3387 purissimi

318 3403 715 3486 appendens
746 3422 871 3485 pro
909 3403 1235 3468 trecentis
1260 3405 1499 3470 criseis
1540 3404 2020 3487 adpraeciauit
2055 3406 2425 3480 mancusis,

320 3503 729 3585 deuotisque
781 3503 1095 3570 manibus
1134 3503 1207 3568 in
1248 3512 1626 3588 conspectu
1680 3524 1876 3572 meae
1930 3505 2186 3570 obtulit
2228 3524 2427 3586 prae·

320 3603 587 3670 sentiae
610 3628 629 3677 ;
678 3621 811 3685 ego
833 3603 1049 3684 igitur
1070 3603 1313 3670 uidens
1336 3604 1477 3670 uidi
1499 3623 1668 3672 suae
1689 3605 2126 3672 deuotionem
2151 3604 2424 3682 mentis,

318 3705 563 3787 suique
581 3703 855 3785 pristini
877 3704 1322 3786 acceptabilis
1344 3705 1716 3772 recordans
1741 3705 2030 3782 seruitii,
2051 3703 2424 3768 secundum

320 3823 489 3874 suae
523 3803 909 3870 uoluntatis
938 3803 1119 3872 uelle
1154 3804 1337 3886 quod
1382 3806 1662 3888 petebat
1705 3803 2070 3886 adquieui3
2115 3802 2424 3868 concessi

320 3924 489 3986 ergo
523 3904 590 3970 ei
627 3913 883 3971 terram
926 3904 1086 3974 iam„
1106 3903 1491 3986 praefatam
1534 3912 1617 3972 ut
1657 3904 1730 3972 in
1774 3903 1958 3970 omni
2001 3921 2168 3968 suae
2211 3903 2427 3968 curri-

322 4005 477 4070 culo
506 4003 865 4087 possideat
899 4005 1126 4083 uitam
1174 4011 1245 4070 et
1270 4004 1358 4072 de
1387 3993 1655 4087 reliquo
1687 4004 2093 4086 cuicumque
2124 4002 2423 4072 uoluerit

322 4103 596 4170 haeredi
641 4104 715 4172 in
760 4114 1167 4188 perpetuam
1211 4105 1648 4187 derelinquat
1697 4103 2213 4170 haereditatem.
2318 4102 2425 4168 Sit

320 4214 547 4274 autem
596 4205 1027 4288 praedictum
1068 4225 1187 4270 rus
1228 4204 1517 4272 liberum
1562 4205 1650 4270 ab
1695 4201 1882 4270 omni
1933 4203 2263 4270 mundiali
2303 4203 2426 4268 ob-
