3119 5026
843 450 1189 499 CHARTAE
1233 448 1474 496 Auem
1487 445 1932 494 SAxochn.
2350 421 2439 486 89

325 607 482 690 Ego
585 603 1005 670 AEsseluuine
1081 603 1252 668 duX.
1397 606 1476 686 >1⁴
1568 604 1719 685 Ego
1812 599 2171 685 Bryhtnoii
2265 598 2433 663 dux.

334 710 417 788 ›1‹
488 706 646 788 Ego
693 703 1060 787 Bryhtferii
1103 703 1434 768 minister.
1576 704 1655 785 ›1-
1714 703 1867 784 Ego
1912 701 2271 766 AElsuuine
2318 703 2439 765 mi-

322 807 562 871 nister.
677 807 756 887 »Β
795 805 950 887 Ego
986 803 1446 869 AEfieluueard
1479 804 1813 870 minister.
1928 807 2007 887 ›1‹
2046 805 2199 887 Ego
2234 804 2439 869 Uuls-

322 914 486 970 stan
562 905 895 969 minister.
1041 907 1119 986 »Β
1172 903 1325 986 Ego
1401 903 1613 967 Osulf
1670 904 2001 968 minister.
2148 907 2227 987 ›1‹
2283 905 2439 986 Ego

327 1004 695 1070 Osuueard
727 1005 1058 1068 minister.
1159 1004 1238 1084 »1⁴
1281 1002 1434 1085 Ego
1465 1003 1877 1068 AElfuueard
1909 1005 2237 1070 minister.
2351 1006 2430 1086 ›1‹

325 1105 480 1187 Ego
556 1105 856 1187 AElfsige
933 1103 1268 1167 minister.
1400 1104 1479 1184 »Β
1535 1103 1691 1186 Ego
1779 1103 2031 1168 Ossers
2107 1105 2437 1168 minister.

334 1206 413 1287 ›1-
473 1205 630 1287 Ego
691 1202 1155 1270 AEiieluueard
1216 1202 1548 1267 minister.
1663 1206 1742 1286 ›1‹
1790 1203 1943 1285 Ego
2006 1203 2256 1268 AElfric
2316 1206 2441 1268 mi-

324 1307 566 1368 nister.
667 1307 745 1386 *1⁴
779 1304 931 1385 Ego
959 1302 1317 1366 AElfuuold
1345 1302 1678 1369 minister.
1776 1302 1861 1387 ›1‹
1893 1304 2044 1386 Ego
2078 1303 2441 1386 AE’6elsige

325 1405 658 1468 minister.
758 1403 843 1488 ›1‹
878 1403 1033 1484 Ego
1077 1400 1427 1466 AEsselfere
1484 1403 1815 1468 minister.
1928 1405 2007 1485 »Β
2052 1403 2205 1485 Ego
2260 1404 2445 1467 AElf-

327 1504 544 1569 uuold
607 1504 938 1568 minister.
1035 1502 1120 1587 ›1‹
1176 1502 1330 1584 Ego
1389 1501 1645 1566 Eadric
1703 1503 2038 1568 minister.
2150 1503 2235 1588 ›1‹
2285 1504 2441 1585 Ego

333 1603 658 1685 Uulfsige
715 1603 1048 1666 minister.
1171 1605 1250 1684 ›1‹
1298 1602 1450 1684 Ego
1505 1601 1817 1665 Uulfnoffi
1870 1603 2205 1666 minister.
2354 1604 2431 1683 ›1‹

331 1703 489 1786 Ego
527 1703 825 1784 AElfsige
855 1702 1191 1766 minister.
1305 1702 1383 1781 »Β
1430 1700 1582 1783 Ego
1620 1701 1867 1766 AElfric
1896 1702 2230 1766 minister.

1143 1998 1642 2066 Mchxlv.

946 2209 954 2214 .
1065 2109 1508 2226 Ennega,
1552 2149 1707 2214 968.

449 2301 530 2380 ›1‹
578 2298 991 2363 REGNANTE
1039 2297 1111 2359 in
1161 2305 1573 2381 perpetuum
1628 2297 1906 2362 domino
1947 2308 2184 2365 nostro
2235 2300 2443 2366 Ihesu

345 2399 662 2464 Christo!
771 2396 1059 2461 Cunctis
1119 2417 1575 2479 supernorum
1628 2407 2060 2464 sacramenta
2109 2401 2441 2466 donorum

340 2499 630 2565 coelitus
674 2497 1264 2580 perscrutantibus
1317 2504 1558 2563 notum
1614 2505 1743 2577 est,
1792 2500 1975 2582 quod
2026 2521 2164 2566 non
2216 2501 2440 2566 solum

341 2600 546 2664 huius
625 2597 862 2661 mundi
944 2605 1173 2662 status
1259 2599 1526 2680 antiqui
1610 2599 1828 2663 hostis
1906 2601 2148 2665 fraude
2232 2610 2443 2685 atque

271 2720 280 2725 ·
341 2698 694 2765 molimine
763 2696 1140 2762 deficiendo
1211 2699 1699 2781 corrumpitur,
1771 2719 2012 2763 uerum
2086 2702 2295 2765 etiam
2369 2704 2444 2766 in

338 2798 748 2885 praesentis·
769 2798 956 2862 uitae
1002 2817 1218 2879 prope
1257 2805 1731 2864 consummato
1771 2800 2113 2866 curriculo
2142 2801 2444 2867 humana

339 2897 768 2985 prosperitas
795 2898 1193 2979 iniquorum
1227 2897 1583 2962 hominum
1626 2897 1769 2962 acri
1810 2899 2189 2964 intentione
2220 2908 2290 2965 et
2323 2921 2445 2965 an-

339 3020 512 3083 gore
575 2997 1092 3078 constringitur.
1202 2996 1407 3062 Nunc
1457 3018 1647 3080 ergo,
1696 2998 1859 3062 dum
1914 3000 2114 3063 nobis
2169 3007 2441 3083 tempus

341 3108 449 3165 est
489 3099 760 3173 ueniae,
801 3096 1204 3162 festinemus
1232 3097 1562 3181 laqueum
1606 3099 1772 3163 totis
1817 3098 2077 3163 nisibus
2128 3101 2438 3167 deuitare

340 3200 612 3275 mortis,
641 3196 943 3280 dumque
993 3197 1268 3262 carnale
1309 3197 1740 3280 possidemus
1773 3199 2265 3281 patrimonium
2300 3203 2442 3284 spi-

341 3300 548 3365 ritale
599 3304 1010 3363 exerceatur
1064 3296 1608 3374 mercimonium,
1674 3317 1811 3381 quo
1858 3294 2040 3363 inter
2090 3300 2441 3382 angelicos

339 3401 593 3465 choros
647 3416 1036 3462 mereamur
1084 3397 1374 3479 adipisci
1423 3397 1684 3479 gaudia
1725 3399 1874 3462 sine
1918 3397 2055 3463 fine
2099 3420 2444 3465 mansura.

345 3500 794 3581 Quapropter
825 3516 957 3579 ego
993 3497 1278 3579 Eadgar
1314 3517 1438 3561 rex
1464 3495 1853 3578 Anglorum
1878 3507 2444 3582 caeterarumque

343 3598 660 3682 gentium
689 3598 762 3660 in
788 3598 1078 3662 circuitu
1100 3596 1614 3680 persistentium
1644 3599 2063 3678 gubernator
2092 3606 2163 3663 et
2189 3607 2441 3678 rector,

342 3700 620 3766 cuidam
663 3717 818 3761 meo
864 3697 1049 3761 fideli
1089 3696 1402 3761 ministro
1438 3696 1748 3761 uocitato
1785 3700 2056 3762 nomine
2089 3699 2442 3778 Uulsstan,

337 3802 579 3866 decem
621 3816 900 3861 mansas
937 3796 1433 3880 perpetualiter
1465 3797 1789 3874 concedo,
1834 3799 1907 3860 in
1954 3798 2076 3862 illo
2126 3798 2279 3862 loco
2326 3802 2446 3864 ubi

341 3897 746 3965 iamdudum
780 3898 1119 3961 ruricolae
1161 3897 1346 3961 illius
1384 3904 1608 3960 terrae
1645 3917 1890 3961 nomen
1933 3897 2321 3963 indiderunt
2354 3898 2447 3966 aet

347 3999 767 4074 Uuiscelea;
814 4004 1158 4079 quatenus
1189 3992 1444 4061 habeat
1478 4017 1561 4061 ac
1595 3997 1949 4079 possideat
1982 3998 2312 4080 quamdiu
2343 4003 2447 4063 ui-

344 4102 508 4165 talis
539 4098 832 4182 spiritus
874 4096 1122 4162 aluerit
1157 4116 1446 4179 corpus;
1495 4116 1653 4162 cum
1695 4103 1927 4161 autem
1971 4097 2447 4163 dissolutionis

349 4220 516 4265 suae
547 4198 696 4263 dies
741 4198 1128 4275 aduenerit,
1167 4198 1578 4280 cuicumque
1613 4197 1913 4262 uoluerit
1946 4197 2224 4263 haeredi
2257 4200 2449 4264 dere-
